3201 4429
1113 111 145 60 THE
1290 113 370 54 NATIONAL
1693 113 367 56 REGISTER.

242 110 163 54 JAN.
452 110 80 51 15.

234 247 69 34 the
313 240 224 52 adituitment
556 244 45 35 of
614 247 63 33 the
690 254 233 39 controversy
944 250 165 35 between
1128 253 60 33 the
1205 252 135 38 United
1359 254 118 33 States
1492 254 64 30 .tti,i

239 294 117 37 Great
374 292 162 37 Britain.

285 344 122 37 _bathe
429 343 122 33 House
568 341 47 45 of
633 344 325 44 Representatives,
987 347 93 33 Nov.
1102 346 59 43 15,
1180 347 104 37 1808.

285 390 110 50 Read
413 389 72 44 and
501 390 197 46 accepted.
797 393 84 33 Sent
896 403 51 34 up
966 394 60 34 for
1041 405 69 24 our
1124 405 252 31 concurrence,

893 442 197 34 Thizoritv
1111 444 211 38 Blontow,
1342 444 169 43 Speaker.

944 491 48 33 /a
1011 489 141 43 Senate,
1175 490 90 34 Nov.
1287 490 53 41 16,
1362 491 104 35 1808.

288 534 106 40 Read
406 534 73 35 and
496 534 222 44 concurred,
1093 540 53 33 11.
1163 540 45 33 G.
1226 540 107 39 OTIS,
1358 539 197 34 President.

293 594 126 50 Nere
436 594 151 37 follows
602 606 22 25 a
641 596 85 43 long
752 602 125 38 report
894 598 45 34 of
953 598 60 34 the
1033 599 181 44 Speaker,
1233 599 34 34 in
1281 599 118 34 which
1417 599 44 33 he
1473 609 64 25 enu-

240 637 159 45 merates
415 645 136 33 almost
567 654 112 34 every
697 651 61 27 act
775 645 43 45 9f
828 646 61 34 the
909 646 206 34 Executive
1133 646 243 35 Government
1391 658 146 24 concern-

241 693 63 43 ing
320 692 63 34 the
398 691 195 45 embargo,
614 692 145 47 passing
780 703 46 25 an
852 693 155 35 indirect
1023 703 145 25 censure
1194 703 47 26 on
1269 693 89 34 each
1384 694 44 34 of
1447 694 111 40 them,

240 741 69 34 but
325 739 37 34 in
380 741 209 44 particular
607 741 60 33 the
692 738 269 41 Proclamation
979 738 47 37 of
1037 742 59 33 the
1111 742 206 40 President,
1332 742 227 45 prohibiting

239 788 69 35 the
319 784 176 37 entrance
511 787 45 34 of
573 787 139 34 British
726 788 99 50 ships
843 788 43 35 of
902 798 79 25 war
998 788 76 34 into
1089 789 59 33 the
1163 789 190 34 American
1370 790 185 40 harbours,

237 835 43 37 in
298 834 120 34 which
435 835 44 33 he
497 835 196 45 says—the
710 834 272 38 Proclamation
1000 836 247 45 immediately
1264 837 96 33 after
1377 837 59 32 the
1456 837 104 33 affair

241 881 47 37 of
300 882 60 35 the
374 882 265 47 Chesapeake,
666 882 73 35 and
767 885 125 34 before
915 894 47 25 an
989 885 241 43 explanation
1247 886 86 32 took
1357 886 104 43 place
1489 895 71 24 was

237 926 144 51 prope.i
394 943 13 28 ;
438 932 61 32 hut
524 931 164 45 England
719 931 132 45 having
875 932 203 45 explained
1104 932 63 33 the
1193 932 107 33 aliair
1331 932 34 32 in
1391 943 46 22 an
1466 943 91 33 open

226 978 90 35 'and
345 978 116 45 frank
483 989 161 31 manner,
678 978 146 45 sending
848 978 58 35 for
930 979 84 40 that
1031 987 156 35 purpose
1211 990 44 22 an
1280 979 280 44 extraordinary

237 1026 169 43 mission,
433 1028 32 34 it
495 1026 107 35 could
633 1036 47 26 no
712 1028 125 44 longer
867 1028 45 34 be
939 1024 142 37 viewed
1107 1037 39 24 as
1169 1028 120 34 either
1304 1036 188 35 necessary
1519 1038 43 24 or

241 1070 163 48 useful.]

508 1180 223 48 SENATE,
758 1181 209 44 :Varmint,
980 1180 104 39 Nov.
1104 1183 67 40 21,
1194 1183 112 35 1808.

298 1245 189 53 FRIDAY,
517 1248 105 38 DEC.
634 1246 183 39 2.—The
836 1251 143 37 Senate
997 1245 180 40 resumed
1189 1245 67 40 the
1274 1245 286 40 consideration

243 1297 53 43 of
305 1299 70 41 the
393 1299 158 41 motion
578 1304 45 35 to
654 1298 131 54 repeal
816 1297 70 41 the
913 1297 154 40 several
1087 1298 201 51 Embargo
1309 1299 106 37 Laws
1430 1315 12 27 ;
1470 1298 91 45 and,

243 1364 57 28 on
334 1355 157 39 motion
524 1352 51 40 of
601 1355 79 37 Mr.
713 1351 111 40 Reed
855 1355 41 35 to
928 1350 105 40 refer
1068 1350 67 39 the
1163 1350 79 39 said
1264 1350 150 39 motion
1437 1356 40 33 to
1496 1349 66 40 the

246 1404 246 50 Committee
509 1404 216 54 appointed
739 1417 51 26 on
802 1403 67 39 the
889 1403 90 40 14th
997 1403 71 39 tilt.
1090 1408 40 33 to
1149 1404 130 37 whom
1293 1415 79 25 w•as
1391 1402 170 40 referred

244 1470 47 27 so
306 1457 126 41 much
454 1457 51 44 of
517 1459 67 40 the
602 1457 239 41 President's
862 1457 178 51 Message
1056 1468 43 26 as
1111 1453 143 43 relates
1270 1460 43 33 to
1333 1455 66 37 the
1413 1454 149 40 several

246 1511 210 53 Embargo
477 1513 128 45 Laws,
645 1512 30 39 it
705 1524 78 25 was
798 1508 244 41 determined
1063 1507 38 39 in
1121 1509 69 38 the
1205 1506 357 54 negative.—Yeas

243 1564 191 53 i—Nays
450 1567 67 35 26.

300 1619 64 37 On
392 1616 71 40 the
478 1616 185 53 question
684 1618 44 35 to
748 1626 118 39 agree
883 1618 43 35 to
944 1613 72 40 the
1041 1611 171 56 original
1234 1611 170 47 Motion,
1440 1610 30 40 it
1487 1623 76 28 was

246 1668 250 43 determined
517 1669 38 39 in
569 1668 70 40 the
658 1669 350 51 negative—Yeas
1025 1670 184 46 6—Nays
1227 1669 61 34 26.

301 1724 308 50 WASHINGTON,
646 1722 104 38 DEC.
781 1721 171 39 9.—Mr.
983 1719 122 47 Giles,
1139 1719 107 39 from
1278 1729 22 26 a
1326 1715 236 41 Committee

246 1774 221 53 appointed
504 1774 39 38 in
580 1774 70 39 the
685 1776 141 35 Senate
861 1772 226 51 yesterday,
1130 1769 187 53 reported
1408 1772 34 35 A
1479 1767 84 45 Bill,

248 1827 172 52 Making
439 1826 159 41 further
615 1825 206 54 provision
841 1817 64 47 fin
921 1824 209 52 enforcing
1150 1824 70 39 the

802 1904 217 25 EMBARGO.

300 1948 106 38 Nov.
433 1944 196 39 14.—Mr.
651 1942 208 40 IVlumford
876 1941 197 56 proposed
1088 1941 67 40 the
1174 1939 204 52 following.
1398 1938 143 43 Resolu-

243 1997 110 47 tion,
384 1997 133 40 which
557 2009 79 26 was
667 1995 176 41 referred
878 2001 43 33 to
951 2009 25 25 a
1010 1994 240 40 Committee
1269 1995 47 38 of
1339 1994 67 38 the
1441 1993 123 39 who}..

248 2053 156 40 House.

299 2112 206 45 Resolved,
521 2113 98 35 That
637 2112 64 35 the
732 2112 70 34 Act
830 2111 129 45 laying
987 2121 46 24 an
1061 2109 185 43 Embargo
1263 2119 44 25 on
1322 2108 51 34 all
1390 2107 61 35 the
1470 2113 97 40 ports

244 2163 74 35 and
339 2163 184 34 harbours
537 2160 44 35 of
596 2160 63 34 the
677 2160 135 34 United
833 2160 135 39 States,
994 2158 70 33 and
1082 2158 61 33 the
1159 2158 141 32 several
1320 2157 87 33 Acts
1423 2157 128 44 supple

249 2215 168 40 mentary
436 2210 161 38 thereto,
615 2209 44 33 he
679 2207 188 44 repealed,
894 2216 40 25 as
964 2205 58 34 far
1046 2216 39 24 as
1101 2210 38 28 to
1157 2203 113 35 allow
1292 2204 59 33 the
1376 2203 100 44 ships
1501 2203 66 33 and

248 2257 133 35 vessels
410 2255 47 37 of
478 2256 60 35 the
557 2255 138 37 United
728 2257 118 31 States
873 2262 38 26 to
944 2252 133 44 depart
1107 2252 91 33 with
1228 2251 96 33 their
1350 2259 146 35 cargoes
1514 2249 53 33 for

247 2304 106 35 those
370 2302 185 38 countries
581 2308 59 28 not
659 2301 141 46 subject
817 2308 38 27 to
887 2301 25 34 ti
912 2311 17 22 -
928 2311 18 22 e
979 2301 156 33 Decrees
1161 2297 45 35 of
1230 2298 156 41 France,
1410 2307 45 25 or
1470 2296 100 34 those

247 2352 148 47 subject
413 2357 39 28 to
472 2350 63 34 the
556 2348 138 38 British
718 2349 133 35 Orders
869 2348 35 33 in
925 2347 170 34 Council.

304 2405 80 41 Mr.
403 2404 209 41 Muniford
644 2404 129 38 stated
796 2404 57 35 his
869 2402 138 48 object
1026 2405 44 33 to
1090 2400 64 45 be,
1173 2404 46 35 to
1238 2412 99 39 open
1365 2409 78 28 our
1459 2396 112 40 trade

250 2463 46 34 to
314 2457 97 40 such
432 2461 112 47 parts
563 2456 47 39 of
624 2456 70 39 the
712 2456 123 40 world
854 2465 163 27 aswere
1033 2458 71 33 not
1130 2451 169 39 affected
1326 2451 52 51 by
1407 2451 71 39 the
1504 2450 45 39 de-

250 2522 112 28 crees
380 2509 79 40 and
480 2507 138 41 orders
650 2506 51 40 of
732 2509 149 37 France
912 2504 78 40 and
1022 2506 124 35 Great
1178 2503 152 40 Britain
1350 2516 9 24 :
1407 2504 96 38 such
1532 2513 41 28 as

254 2556 146 51 China,
419 2561 70 40 the
508 2559 133 39 native
663 2564 110 46 ports
808 2558 45 38 of
885 2556 125 44 India,
1033 2557 189 51 Barbary,
1260 2552 177 48 Sweden,
1473 2555 74 40 Rus-

254 2614 79 47 sia,
352 2613 78 40 and
449 2613 71 40 the
540 2613 85 39 free
644 2616 116 48 ports
775 2613 37 35 in
831 2611 69 37 the
921 2611 106 37 %Vest
1051 2608 138 39 Indies.

309 2669 107 37 Nov.
443 2666 193 39 16.—Mr.
651 2663 116 43 Cook
795 2662 149 40 offered
964 2674 24 25 a
1013 2660 241 40 Resolution
1273 2663 45 35 to
1335 2657 70 41 the
1422 2656 131 43 follow-

255 2719 71 54 ing
344 2719 120 39 effect
480 2734 13 22 :

302 2784 102 35 That
424 2784 63 32 the
506 2781 169 35 Citizens
691 2778 45 38 of
751 2780 60 33 the
830 2772 128 45 United
958 2772 21 45 .
979 2772 128 45 States
1134 2777 47 33 be
1212 2774 193 47 permitted
1434 2780 43 28 to
1502 2784 77 25 arm

256 2832 73 37 and
345 2831 120 45 equip
485 2829 60 34 the
566 2830 187 35 merchant
784 2823 149 45 vessels;
956 2826 61 35 for
1046 2826 59 33 the
1140 2833 159 35 purpose
1324 2835 12 21 r
1351 2823 18 33 f
1437 2819 142 45 fending

256 2880 103 35 them
377 2880 146 45 against
543 2875 139 37 French
702 2876 70 34 and
798 2875 133 34 Briti-h
951 2875 180 39 mazer:,
1167 2871 102 33 when
1297 2870 119 34 bound
1446 2876 39 28 to
1509 2881 67 33 any

253 2933 96 43 port
364 2937 45 22 or
428 2927 106 45 place
549 2929 63 39 pot
628 2924 165 43 actu►tlly
814 2921 157 37 invested
990 2931 44 24 or
1052 2919 217 35 blockaded.

314 2979 201 44 Referred
534 2985 44 38 to
596 2978 71 43 the
684 2980 243 39 Committee
945 2974 48 40 of
1002 2979 70 35 the
1084 2972 129 40 whole
1230 2973 148 39 House.

317 3111 174 40 Extract
510 3106 48 41 of
569 3120 26 27 a
613 3109 137 39 Letter
767 3104 107 40 from
893 3116 24 26 a
935 3100 239 41 Gentleman
1194 3099 40 41 in
1254 3100 105 53 Cape
1385 3097 196 41 Francoi%,

259 3162 128 44 dated
405 3163 106 38 Nov.
533 3167 63 41 11,
614 3162 116 44 1808,
750 3164 43 33 to
810 3157 59 39 his
887 3156 129 40 friend
1039 3169 37 26 in
1100 3151 294 54 Philadelphia:
1444 3172 8 8 •

363 3227 18 34 I
410 3235 84 25 now
522 3233 135 35 annex,
676 3223 60 34 for
752 3231 92 35 your
860 3219 250 43 information,
1126 3227 25 26 a
1167 3227 98 35 copy
1293 3214 44 37 of
1355 3226 25 24 a
1396 3201 107 47 lefik.r
1530 3222 39 25 re-

262 3274 133 39 ceived
410 3274 50 43 by
476 3285 56 25 we
549 3286 61 21 :

811 3318 72 34 Mr.

1062 3313 120 46 Cape..

365 3378 130 43 DEAR
516 3377 41 35 St
706 3374 93 35 have
816 3373 83 43 only
909 3371 83 46 just
1011 3371 86 34 time
1120 3376 39 28 to
1183 3377 182 26 announce
1382 3370 40 30 to
1439 3374 71 35 you
1527 3363 64 35 the

263 3426 98 43 total
380 3424 229 37 destruction
622 3423 44 34 of
678 3423 63 35 the
757 3423 165 33 revolted
938 3417 141 48 party's
1093 3416 136 39 flotilla
1244 3416 110 33 otitis.
1374 3412 152 38 Niark'it,
1539 3412 46 43 by

266 3484 65 35 say
347 3474 187 47 squadron
549 3483 12 30 ;
588 3472 63 34 the
665 3469 110 37 fruits
789 3469 44 33 of
846 3469 71 33 this
935 3468 164 34 brilliant
1117 3464 85 35 acti.
1222 3474 19 21 n
1259 3465 31 31 is
1304 3465 61 31 the
1382 3468 154 38 capture
1554 3457 40 33 of

266 3527 81 44 two
374 3521 45 35 of
433 3521 65 35 the
523 3517 161 48 enemy's
716 3519 133 41 largest
880 3515 70 35 and
981 3514 162 34 heaviest
1175 3519 207 34 scoumers,
1410 3508 69 33 and
1505 3508 86 31 Tour

267 3570 129 35 armed
415 3569 146 44 barges,
576 3567 71 37 and
667 3573 77 27 two
761 3565 91 34 sunk
868 3576 12 27 ;
905 3573 70 26 one
992 3561 44 34 of
1048 3560 58 34 the
1124 3559 130 34 vessels
1270 3554 175 46 captured
1465 3563 125 34 plote‘

268 3622 43 32 to
328 3619 46 34 be
390 3615 248 38 Commodore
661 3614 67 35 Boi
751 3611 145 38 Blanc's
913 3609 172 45 flag-ship
1101 3619 11 30 ;
1142 3607 43 33 he
1202 3601 209 38 abandoned
1439 3601 58 34 his
1517 3612 58 20 ve,

269 3667 69 40 eel,
351 3665 71 37 and
437 3664 109 35 saved
563 3661 150 37 himself
728 3663 48 43 by
789 3659 204 44 swimming
1011 3667 45 22 on
1072 3654 106 35 shore
1194 3665 11 31 ;
1230 3656 64 32 she
1311 3654 28 32 is
1352 3656 46 30 to:
1504 3658 85 24 wit':

254 3738 6 6 •
269 3715 56 39 all
340 3713 109 37 kinds
465 3711 45 34 of
526 3711 168 44 military
710 3709 231 46 equipments
953 3707 71 33 and
1043 3702 220 47 provisions,
1277 3697 167 38 intended
1461 3696 57 33 for
1532 3696 63 40 the

269 3761 172 38 revolted
458 3769 123 34 army.
635 3758 18 35 I
676 3759 92 32 have
780 3755 151 35 ordered
952 3751 154 37 general
1127 3748 83 37 Doe
1226 3742 39 40 to
1283 3748 106 33 make
1406 3755 25 25 a
1449 3742 143 46 general

269 3809 136 37 attack
433 3819 48 24 on
501 3808 63 34 the
592 3816 146 34 enemy,
771 3803 97 34 their
896 3807 137 30 retreat
1052 3798 105 44 being
1174 3800 63 34 cut
1252 3795 54 33 off
1316 3794 97 41 fram
1436 3793 85 43 port
1548 3801 39 20 :‘,.

276 3856 152 41 Prince,
446 3855 71 37 and
535 3866 64 24 are
617 3853 164 37 hemmed
802 3852 34 34 in
854 3861 45 24 on
915 3848 50 35 all
985 3848 105 33 sides.
1143 3847 19 32 I
1196 3847 133 40 expect
1359 3848 35 25 to
1488 3850 17 20 e

272 3914 26 26 a
314 3904 54 38 faH
369 3904 19 38 .
399 3905 76 33 and
491 3902 237 43 satisfactory
746 3904 152 31 account
915 3896 44 35 of
980 3894 97 35 their
1095 3892 90 35 total
1204 3889 279 44 annihilatton..
1513 3883 78 35 fte-;

270 3952 151 37 assured
436 3952 94 45 they
547 3951 94 34 shall
661 3958 112 26 never
787 3946 109 46 again
922 3944 111 35 reach
1054 3943 93 34 Port
1168 3951 46 24 an
1248 3937 141 35 Prince.
1448 3934 11 43 I
1459 3934 11 43 .
1482 3938 112 32 salute

272 4009 79 39 you
372 4000 93 35 with
483 3998 222 45 friendship.
1176 3986 52 35 H.
1248 3987 189 43 CILAASTO
1448 3990 100 27 rug.

248 4068 7 7 •
374 4049 104 35 Nov.
502 4048 56 39 10,
582 4046 102 35 1808.

330 4104 38 43 A
385 4102 125 44 letter
526 4102 110 41 from
667 4114 26 26 a
723 4097 237 43 Gentleman
989 4090 155 44 arrived
1172 4095 44 33 at
1245 4088 69 39 the
1348 4081 250 47 Southward,

276 4154 93 41 who
391 4156 73 43 left
483 4160 57 38 St.
561 4155 185 44 Pierre's,
767 4150 260 52 Martinique,
1058 4160 51 25 on
1140 4143 69 40 the
1235 4140 92 40 20th
1346 4139 50 39 of
1410 4136 188 43 October,

278 4212 46 39 to
357 4209 65 45 his
446 4208 135 50 friend
599 4209 43 44 in
660 4209 167 47 lloston,
850 4217 91 41 says
1071 4192 280 48 Considerable
1369 4191 128 41 alarm
1524 4199 78 31 was

1619 237 254 66 experienced
1900 253 44 33 at
1963 250 74 38 St.,

1629 298 135 45 :triti,sk
1782 305 139 46 kiwi*
1952 305 43 38 at.
2021 298 239 47 Barbados.,
2288 313 110 27 some
2413 300 80 48 said
2525 301 123 41 *OOO.

1630 356 8 30 I
1650 352 129 46 t,OOO.
1824 352 96 41 The
1939 352 144 39 French
2101 352 200 52 generally
2323 348 175 44 believed
2528 351 73 38 the
2631 345 125 44 Wand
2791 340 133 43 would

1625 403 47 39 be
1691 400 202 48 attacked,
1912 405 73 39 and
2007 404 27 40 it
2053 416 83 30 was
2160 403 81 43 said
2259 404 71 39 the
2360 400 247 44 inhabitants
2636 397 103 43 were
2754 392 162 52 order
2916 392 33 52 .

1625 468 41 27 co
1683 455 50 40 be
1749 455 115 53 ready
1874 461 50 34 .at
1941 469 25 26 a
1984 457 209 38 moment's
2206 459 190 48 warning,
2733 450 93 38 who
2846 457 79 28 was

1622 503 43 43 at
1690 509 256 51 Martinique,
1965 508 175 40 received
2169 521 22 25 a
2206 508 116 40 letter
2340 508 104 39 from
2466 507 60 39 his
2544 506 165 38 brother
2725 506 38 34 is
2786 498 139 41 Lucia,

1624 560 122 39 under
1762 573 22 25 a
1802 561 157 51 feigned
1975 573 128 32 name,
2122 560 77 39 and
2217 560 37 39 in
2277 560 159 46 French,
2452 557 175 47 desiring
2647 556 84 38 him
2748 560 45 33 to
2812 550 116 41 leave

1623 611 66 40 the
1726 612 126 39 Island
1885 612 198 52 instantly,
2114 613 72 38 but
2220 619 107 44 gave.
2350 608 370 54 noexplanntion..
2751 607 37 38 It
2806 605 33 43 is
2858 601 70 45 the

1623 664 158 52 opinion
1813 665 50 45 of
1892 677 115 39 every
2040 677 93 34 one,
2164 665 89 38 that
2284 664 67 39 the
2383 663 129 41 Island
2528 660 79 39 will
2627 659 50 39 be
2691 653 237 58 rigorously

1677 770 74 38 The
1769 770 175 51 Nolfolk
1963 769 167 50 Ledger.
2158 768 48 40 of
2225 769 66 38 the
2304 768 69 44 sth
2394 768 146 39 instant
2559 775 89 39 says
2772 762 30 39 A
2825 762 80 39 Gen-

1624 821 161 45 tleman,
1817 821 96 39 who
1939 821 155 39 arrived
2096 821 19 39 -
2115 821 99 39 .here
2233 820 46 51 oh
2280 820 24 51 -
2303 820 213 51 Sattitdq,
2550 817 37 38 in
2617 821 44 33 21
2696 813 98 54 days
2823 814 106 39 from

1626 879 106 46 Cape
1752 872 202 50 Francois,
1975 873 162 39 informs
2156 886 58 32 us,
2244 873 86 38 that
2348 883 48 26 an
2415 880 161 41 express
2604 867 74 39 had
2709 866 159 39 arrived
2888 870 43 34 at

1624 926 67 38 the
1707 933 118 44 cape,
1843 925 187 53 bringing
2048 925 257 39 information
2330 925 90 38 that
2438 925 100 35 Cen.
2557 920 171 38 Ferrand
2748 919 77 38 had
2846 930 64 26 snr-

1626 978 183 40 rtendera
1832 978 69 40 the
1922 978 86 51 City
2024 977 50 39 of
2089 981 61 40 tit..
2164 977 198 48 Domingo
2383 980 40 32 to
2445 973 67 48 the
2543 971 162 45 British,
2738 971 76 39 and
2844 971 87 38 that

1626 1031 26 38 it
1684 1043 76 26 was
1780 1029 230 53 garrisoned
2027 1024 96 44 with
2144 1035 136 46 troops
2298 1028 47 39 of
2370 1023 84 43 that
2474 1024 156 40 nation.
2687 1026 185 39 Samana,
2903 1022 30 40 it

1626 1095 77 26 was
1722 1082 80 39 also
1821 1082 102 44 said,
1939 1095 77 25 was
2031 1080 123 41 taken
2177 1084 47 47 by
2246 1081 67 38 the
2335 1077 222 63 Spaniards.
2615 1075 85 40 The
2719 1072 213 41 surrender

1624 1136 48 37 of
1688 1135 65 38 the
1773 1134 152 39 former
1944 1146 76 27 was
2037 1146 24 26 a
2076 1133 214 41 voluntary
2311 1133 98 39 offer
2427 1142 51 26 on
2494 1129 70 39 the
2584 1133 87 46 part
2691 1127 51 39 of
2763 1123 172 41 General

1630 1189 182 37 Ferrand.
1869 1186 87 39 The
1985 1199 80 26 war
2093 1186 178 39 between
2307 1180 237 53 christophe
2576 1179 78 40 and
2683 1179 143 40 Pction
2857 1176 79 41 still

1635 1239 109 51 -aged
1761 1238 94 39 with
1892 1235 197 41 unabated
2109 1238 109 40 fury.
2272 1234 84 39 The
2374 1232 152 40 former
2545 1232 79 39 had
2643 1232 100 39 been
2763 1241 154 28 success-

1625 1292 58 38 ful
1726 1290 174 52 latterly,
1933 1287 254 54 particularly
2219 1289 39 39 in
2288 1287 66 39 the
2386 1284 246 41 destruction
2673 1283 51 40 of
2759 1283 180 40 Potion's

1625 1342 116 41 naval

2898 1446 9 19 ~
2946 1455 8 9 ~

2096 1479 369 40 PROVINCIALS.

1670 1590 282 37 CAMBRIDGE,
1971 1584 105 35 JA!g.
2093 1580 167 35 7.—The
2278 1580 74 34 late
2369 1578 91 35 Rev.
2474 1577 103 34 John
2595 1576 146 37 Hulse's
2759 1577 181 46 premium

1629 1637 78 34 will
1724 1636 71 33 this
1813 1643 91 35 year
1922 1633 44 33 be
1981 1630 106 47 given
2104 1629 59 33 for
2180 1629 60 32 the
2252 1628 78 34 best
2348 1626 230 34 dissertation
2650 1625 58 34 On
2727 1624 60 34 the
2800 1623 115 37 advan-

1628 1690 84 35 tage
1726 1681 44 37 of
1786 1678 215 38 Difficulties
2019 1677 34 34 in
2074 1675 172 44 Religion
2263 1687 11 27 ;
2300 1683 44 25 or
2355 1682 47 26 an
2417 1677 156 38 attempt
2594 1680 37 27 to
2648 1671 97 34 shew
2761 1670 67 35 the
2843 1671 96 43 good

1626 1733 136 37 effects,
1781 1727 122 37 which
1922 1726 122 39 result,
2060 1733 45 24 or
2137 1721 119 34 which
2275 1720 115 43 might
2409 1721 120 39 result,
2561 1719 96 34 from
2675 1719 59 34 the
2752 1719 128 44 proofs
2898 1717 45 35 of

1632 1775 214 37 Revelation
1864 1775 107 44 being
1984 1773 43 39 of
2052 1781 24 22 a
2089 1770 196 45 probable,
2320 1767 122 33 rather
2459 1766 87 34 than
2559 1766 45 33 of
2614 1775 24 24 a
2655 1766 285 34 demonstrative

1677 1872 32 34 A
1740 1871 161 34 member
1924 1867 46 35 of
2000 1866 64 37 the
2099 1859 285 38 Herefordshire
2411 1858 252 46 Agricultural
2693 1858 151 46 Society
2874 1858 64 35 has

1628 1920 107 41 given
1750 1929 22 25 a
1783 1917 189 43 challenge
1991 1916 43 33 of
2054 1913 73 35 500
2152 1920 43 22 or
2218 1909 93 34 1000
2336 1907 158 45 guineas,
2511 1912 41 30 to
2569 1916 73 33 any
2657 1915 130 35 person
2807 1904 37 35 in
2861 1906 81 35 that

1630 1977 41 24 or
1688 1976 70 35 any
1775 1965 109 34 other
1893 1969 170 38 country,
2089 1965 41 28 to
2151 1957 97 34 shew
2282 1955 60 34 for
2356 1955 119 34 either
2506 1954 45 34 of
2571 1952 63 35 the
2661 1962 109 30 sums,
2787 1952 61 34 the
2863 1954 80 33 best

1631 2011 202 47 plantation
1848 2011 47 34 of
1912 2010 242 46 apple-trees,
2174 2003 145 47 planted
2340 2001 70 35 and
2427 2000 126 37 reared
2568 2001 50 44 by
2635 1998 61 37 the
2715 2000 229 44 proprietor,

1630 2073 46 25 on
1688 2061 56 37 his
1757 2068 84 27 own
1851 2057 102 35 land.

1681 2112 48 33 At
1746 2107 115 37 break
1879 2105 46 38 of
1930 2106 69 44 day
2024 2112 47 26 on
2088 2101 169 44 Tuesday
2288 2099 86 37 last,
2396 2105 46 26 an
2473 2102 193 27 enormous
2681 2093 65 34 fish
2770 2104 74 25 way
2862 2092 60 35 des-

1632 2156 100 35 cried
1744 2161 40 28 at
1802 2151 85 38 half
1896 2151 122 37 rabies
2033 2151 126 45 length
2171 2150 93 34 front
2294 2144 143 44 Penryn
2465 2152 117 38 quay,
2600 2140 162 44 steering
2780 2140 164 37 towards

1633 2203 65 37 the
1713 2209 122 32 town;
1869 2199 69 37 and
1965 2198 100 35 three
2083 2199 123 39 boats,
2230 2192 112 38 under
2357 2190 63 33 the
2430 2187 185 44 direetient
2630 2187 44 34 of
2683 2185 116 48 Capt.
2819 2189 125 41 Dunn,

1633 2261 97 25 were
1747 2249 151 35 manned
1916 2254 38 28 to
1969 2245 128 37 attack
2115 2244 89 34 him.
2252 2239 83 37 The
2352 2237 76 34 first
2459 2236 46 33 he
2525 2235 182 39 enclosed,
2730 2245 40 24 as
2800 2235 27 34 it
2850 2245 96 25 were

1635 2300 37 33 in
1685 2308 25 25 a
1728 2296 109 46 pond,
1863 2291 141 37 formed
2022 2291 48 45 by
2089 2302 24 25 a
2128 2290 159 35 circular
2300 2295 112 25 curve
2435 2283 97 35 from
2561 2281 93 35 head
2669 2287 40 28 to
2725 2282 89 39 tnil,
2837 2282 90 35 with-

1633 2352 63 27 out
1713 2347 110 40 doing
1837 2350 71 35 tiny
1931 2339 132 47 injury.
2115 2340 33 33 A
2169 2347 80 25 man
2278 2333 85 37 then
2387 2328 263 46 courageously
2666 2334 59 27 tut
2745 2340 24 24 a
2787 2329 85 33 hole
2910 2331 37 34 is

1633 2393 61 32 the
1711 2392 119 33 dorsal
1850 2388 66 39 fin,
1939 2386 155 45 through
2113 2385 122 34 which
2252 2382 47 34 he
2324 2379 113 34 drove
2453 2387 24 25 a
2494 2376 149 35 hooked
2676 2386 104 33 rope.
2837 2375 112 45 Upon

1633 2438 136 44 feeling
1783 2438 73 39 this
1874 2434 64 47 Or
1967 2434 64 41 fish
2044 2431 208 46 attempted
2271 2437 40 34 to
2333 2428 64 43 put
2415 2430 39 28 to
2471 2432 80 32 sea,
2576 2424 64 33 but
2656 2421 112 45 being
2781 2422 169 35 diverted

1635 2487 48 41 by
1701 2494 96 25 some
1814 2481 92 38 hard
1920 2474 117 43 Mows
2063 2477 48 38 on
2135 2477 198 37 theinout,
2359 2464 46 40 he
2421 2467 149 35 sheered
2589 2467 162 35 tostards
2778 2470 64 33 the
2865 2469 64 34 Fal-

1638 2531 124 35 mouth
1791 2530 110 34 road.
1952 2529 28 33 A
2019 2528 104 33 three
2141 2524 80 35 inch
2242 2533 90 35 rope
2350 2516 156 35 doubled
2526 2528 76 22 was
2619 2516 84 33 then
2721 2517 234 44 parbuckled

1639 2581 111 33 round
1769 2576 92 45 him,
1887 2575 124 35 which
2031 2575 45 33 he
2088 2565 307 44 instantaneously
2412 2563 180 45 snapped.
2643 2563 31 32 A
2696 2562 145 35 hawser
2857 2562 93 38 from

1641 2629 61 31 the
1724 2636 98 35 quay
1853 2634 78 25 was
1957 2627 86 31 next
2076 2617 157 48 applied
2267 2622 38 28 to
2335 2613 97 40 hints
2460 2611 122 41 when,
2604 2608 99 38 after
2733 2609 180 46 dragging
2924 2621 28 26 a

1637 2673 136 46 sloop's
1786 2670 157 41 anchor,
1965 2667 139 43 tearing
2120 2678 52 34 up
2196 2673 26 26 a
2236 2663 223 35 moor-stow
2487 2662 85 40 post
2587 2666 48 26 on
2663 2655 63 35 the
2740 2666 118 35 quay,
2880 2657 72 35 and

1639 2724 142 34 kfavine
1793 2732 24 24 a
1835 2720 109 38 boat,
1967 2717 45 34 he
2037 2724 77 25 was
2132 2711 157 45 brought
2307 2709 78 35 into
2402 2705 103 35 shoal
2526 2711 130 33 water,
2679 2709 87 33 and,
2793 2705 30 33 it
2842 2705 111 46 being

1639 2771 71 32 ehb
1719 2767 91 39 tide,
1834 2765 171 35 subdued.
2056 2759 63 38 He
2154 2770 72 25 WIN
2239 2752 217 40 afterwards
2485 2751 125 34 toned
2626 2754 111 39 roiled
2765 2751 53 45 by
2848 2752 105 34 three

1651 2822 109 33 i.iats,
1783 2815 72 34 and
1872 2813 92 34 with
1972 2810 63 35 the
2050 2807 129 34 tactile
2193 2804 46 38 of
2246 2816 25 24 a
2287 2802 235 40 sand-barge,
2545 2797 70 35 and
2631 2797 61 45 Ow
2709 2797 189 35 exertions
2911 2797 48 37 of

1645 2864 45 31 7.4)
1703 2872 74 22 nom
1792 2862 73 33 and
1877 2862 104 32 three
1995 2863 141 32 norm's,
2161 2855 45 33 he
2222 2862 78 25 was
2311 2850 240 40 drawn'itison
2569 2845 61 33 the
2647 2842 71 47 Slip
2735 2844 45 33 of
2796 2846 158 34 Colonel

1648 2908 168 37 Heanse's
1831 2917 79 35 mina
1910 2917 20 35 .
1930 2917 20 35 ,
1962 2908 119 31 where
2095 2902 46 33 he
2154 2913 76 22 was
2244 2906 41 28 to
2295 2896 167 37 remains'
2472 2893 72 33 few
2559 2891 91 43 days
2661 2890 58 35 fur
2738 2893 61 33 the
2819 2901 117 26 amuse-

1645 2965 92 26 m••iit
1756 2955 43 34 of
1813 2966 7 18 ,
1830 2959 45 30 h••
1890 2954 158 34 vitriol..
2101 2947 59 37 He
2186 2953 180 30 sionwores
2381 2941 41 38 31
2450 2940 70 33 feet
2670 2940 44 33 19
2733 2939 73 34 feet
2829 2940 128 40 round,

1645 3006 21 32 9
1708 3005 69 33 feet
1796 3002 104 43 high,
1988 2999 71 33 feet
2088 2996 125 33 Melia
2230 3005 14 28 4
2267 2992 71 37 and
2356 2992 57 32 his
2430 2987 137 43 weight
2587 2986 30 33 is
2633 2988 183 44 supposeLl
2837 2992 38 27 to
2891 2996 45 25 ex-

1650 3032 5 52 ;
1667 3051 64 33 eed
1749 3051 73 33 five
1839 3058 92 26 ion,.
1985 3045 184 39 Although
2200 3043 65 33 the
2278 3035 144 48 general
2440 3041 239 37 appearance
2702 3035 69 32 and
2805 3032 139 46 disposi-

1646 3098 78 34 tion
1737 3094 45 37 itt
1792 3099 72 31 this
1881 3096 67 35 lirtt
1962 3090 193 48 ispproach
2169 3099 100 24 more
2282 3096 65 26 14)1i
2359 3090 83 27 aria
2454 3077 65 39 the
2533 3078 123 44 whale
2668 3079 87 35 than
2772 3085 61 28 lie
2849 3080 113 35 shark

1651 3152 45 26 tie
1711 3145 28 35 Is
1756 3143 37 37 un
1793 3143 18 37 ,
1811 3143 189 37 tenhtedls.
2056 3137 102 34 Mk.
2171 3136 46 34 tor
2229 3137 63 32 the
2308 3131 154 47 Sqoalus
2479 3128 132 38 Ceres,
2637 3126 109 45 being
2763 3135 11 27 t
2784 3130 43 32 lie
2846 3129 93 46 Squa-

1636 3194 69 33 .lus
1724 3189 286 40 Maxienas.•the
2036 3184 163 43 Basking
2233 3181 141 39 Sisal*,
2396 3188 43 24 or
2457 3176 161 33 Sun-lisli
2635 3174 43 39 of
2695 3175 177 34 Penitent.
2930 3175 35 35 It

1661 3240 148 33 thatulds
1825 3239 38 34 in
1891 3236 66 38 the
1988 3230 289 41 Irisis-Chatmel,
2300 3236 50 32 em
2363 3227 63 34 the
2447 3221 100 38 lirem
2580 3227 102 28 coast
2702 3221 45 33 of
2774 3222 188 35 Scotland.

1659 3291 8 31 I
1707 3289 60 32 has
1796 3286 92 35 been
1904 3280 178 43 observed
2112 3291 27 24 o
2151 3278 129 34 derive
2306 3279 109 40 ;Feat
2443 3270 172 46 pleasure
2630 3269 92 35 from
2746 3269 152 43 tasking
2917 3280 47 24 on

1636 3317 4 52 •
1655 3332 18 37 ,
1672 3332 214 37 iie.surfaeie
1902 3331 45 34 of
1958 3332 61 32 the
2034 3338 116 25 ocean
2166 3325 133 44 dust*
2315 3325 61 33 the
2411 3321 84 34 heat
2525 3317 48 37 of
2598 3317 61 34 the
2685 3319 44 31 do
2738 3328 19 30 y
2757 3328 19 30 e
2817 3327 26 24 a
2856 3318 111 33 hence

1654 3381 91 34 hoth
1757 3383 45 33 its
1822 3379 150 43 EnAlish
1989 3371 302 41 iien.minatiott*.
2341 3367 80 37 The
2438 3370 96 33 liver
2562 3363 46 35 of
2619 3364 73 35 this
2725 3364 90 35 kilul
2849 3364 119 45 yields

1654 3439 45 22 on
1719 3441 45 21 ,:n
1791 3436 182 33 average,.
1990 3424 97 40 e'4,lts
2122 3418 139 37 barrels
2290 3416 44 37 of
2355 3416 67 39 oil,
2487 3413 86 35 bleb
2607 3412 30 32 is
2663 3417 64 30 oat
2743 3413 87 44 only
2863 3422 106 33 pure,

1639 3488 141 28 •ssve..i,
1892 3475 37 33 fie
1975 3474 182 40 ~-lamps,
2183 3469 65 33 but
2267 3467 30 33 is
2321 3463 79 38 also
2425 3462 106 34 much
2558 3458 85 39 coed
2668 3461 210 43 ezteruak
2909 3457 60 35 for

1655 3526 178 40 *Mit:vale
1853 3523 31 35 11
1884 3523 15 35 ,
1899 3523 111 35 wisies.
2035 3521 126 33 hums,
2186 3514 70 35 and
2283 3513 204 34 rheumatic
2503 3516 120 38 pains.
2676 3507 37 34 It
2731 3507 31 33 is
2778 3504 191 46 generally

1656 3581 79 24 ,ten
1767 3572 34 33 in
1833 3570 116 46 pairs.
1987 3553 4 64 •
1998 3565 266 43 Accordingly,
2285 3560 66 34 the
2383 3565 96 27 mate
2510 3555 43 34 of
2575 3555 72 33 this
2662 3553 137 34 animal
2815 3562 73 25 isas
2901 3553 69 33 vb.

1655 3619 126 34 served
1799 3618 37 34 in
1854 3618 53 34 St.
1930 3617 168 34 Keversse
2122 3612 96 43 Bay,
2233 3619 46 26 ea
2306 3602 242 45 Wednesday,
2564 3601 48 44 by
2636 3612 60 21 lite
2718 3599 253 45 Walsing;hant

1691 3669 100 33 Iket
1817 3669 5 33 •

1654 3728 6 6 •
1670 3687 4 63 •
1709 3716 25 34 A
1750 3716 98 33 mine
1865 3710 46 34 of
1923 3710 81 35 zinc
2017 3718 66 26 ore
2098 3709 69 33 has
2179 3707 91 32 been
2285 3699 208 37 discovered
2506 3687 59 54 len
2583 3697 93 33 Lord
2701 3692 269 37 Ribhlesdale's

1656 3769 128 31 Mate.
1800 3761 37 34 in
1854 3761 165 37 Craven,.
2037 3755 226 38 Yorkshire,
2283 3751 119 32 where
2420 3749 100 32 Cter..
2541 3755 77 22 was
2640 3743 18 33 f
2668 3743 141 43 irmeily
2830 3749 143 38 copper

1843 3807 81 34 rktf,
1938 3814 64 25 ore
2020 3807 61 32 ha-
2096 3802 92 34 been
2206 3800 83 34 used
2307 3808 40 25 as
2360 3807 27 25 a
2401 3793 195 37 substitute
2615 3791 27 32 fl
2642 3791 13 32 ,
2655 3791 14 32 r
2693 3791 118 32 %Rite
2826 3788 83 35 lead
2934 3788 39 34 in

1867 3854 63 32 the
1963 3853 125 33 catour
2119 3849 46 34 of
2189 3847 97 35 whie
2296 3856 17 21 a
2333 3853 24 25 it
2378 3842 135 37 attains
2530 3841 48 44 by
2597 3840 86 41 Inag
2706 3835 269 47 esposure—it

1669 3914 73 26 ..nes
1755 3911 59 27 not
1965 3924 12 15 ,
2039 3907 103 32 more
2156 3894 146 37 :Abases
2313 3906 32 25 :•,
2361 3892 67 33 and
2447 3891 27 32 6
2493 3892 60 31 not
2575 3887 53 32 cle4
2642 3885 174 45 ompois4
2833 3883 48 45 by
2901 3881 74 37 salt

1662 3961 122 28 water.
1839 3950 92 34 riis
1948 3946 149 37 mineral
2115 3945 31 33 is
2161 3941 109 38 found
2290 3940 35 35 in
2339 3945 115 30 4rafa
2461 3945 39 26 at
2523 3937 61 33 the
2609 3939 129 27 *.l/tllllll
2751 3931 46 35 of
2807 3938 165 33 caverns,

1658 4006 92 31 .01.,u
1750 4006 15 31 ,
1785 3999 24 35 8
1825 3997 51 35 fag
1886 4004 97 27 ;atttot.
1998 3993 92 35 from
2112 3992 63 33 the
2189 3989 159 40 surface,
2373 3985 37 35 in
2435 3992 100 25 some
2565 3990 97 25 C;oeb
2687 3979 24 34 6
2735 3978 71 34 feel
2837 3977 105 34 thick
2959 3987 15 30 ;
2986 3977 4 60 •

1671 4062 53 21 olio
1799 4046 64 32 the
1881 4051 146 27 caverns
2046 4042 28 33 is
2093 4038 69 38 104
2174 4036 126 46 yartlit,
2313 4033 155 35 anothor
2480 4031 46 34 84
2561 4029 72 33 and
2650 4037 22 24 a
2686 4026 99 35 tided
2802 4026 51 35 40
2868 4023 109 46 yards

1659 4101 35 32 in
1711 4095 137 39 leagth,
1865 4091 71 38 and
1951 4090 111 34 about
2081 4088 45 35 14
2143 4088 106 33 yards
2268 4081 109 35 wide'.
2430 4076 66 38 liis
2511 4075 183 45 Lordship
2708 4082 178 39 supposes
2902 4069 74 37 this

1659 4142 151 37 mineral
1830 4141 66 33 has
1913 4140 87 33 been
2024 4133 181 40 sublimed
2222 4133 50 38 by
2285 4141 28 32 a
2329 4128 165 39 volriaa,
2512 4135 40 26 as
2571 4126 59 33 the
2647 4128 117 30 stoat*
2780 4119 195 38 surround.

1633 4160 5 78 .
1658 4193 65 45 lag
1737 4192 31 35 it
1780 4192 96 33 have
1892 4187 91 37 been
1996 4181 176 40 vitrified.
2222 4179 129 39 About
2363 4174 98 38 2000
2474 4179 80 32 tons
2578 4170 45 35 of
2628 4166 38 41 It
2683 4167 96 38 have
2789 4167 92 38 been
2896 4160 78 41 surd

2030 193 43 98 r
2073 193 85 98 as
2158 193 771 98 :mnroo:7l:l::Tirrn

2030 298 229 33 Barbadoes.
2288 313 110 18 some
2413 299 80 32 said
2525 301 123 30 2000.
2679 293 80 38 and
2786 289 138 41 ethers
