3270 4429
198 263 78 65 5/3
307 267 155 41 Iroirfr
491 280 66 28 *Hi
599 283 40 26 or,
672 285 97 34 ?4,9,,

231 322 130 39 tvirtt4.
404 322 5 39 '
446 322 2 39 •

598 358 8 7 J

465 405 587 9 .•
1136 407 6 6 •
1175 405 2 11 •

200 415 158 40 at,froal
374 417 52 32 5!.
449 426 12 24 t
602 428 165 35 pek.t,oa,
787 425 39 28 to
847 420 110 33 make
977 420 102 34 brass
1091 422 113 46 when
1225 423 126 33 mixed
1369 423 91 34 with
1476 433 67 33 cop-

203 456 86 50 ier,
307 467 148 43 e,tcjosi
702 467 69 35 has
790 468 92 34 been
902 469 85 33 used
1007 467 61 35 for
1082 470 184 45 painting.

259 511 28 33 A
307 503 155 56 censicet
462 503 19 56 t
481 503 136 56 nirtina
617 503 19 56 .
635 503 117 56 frfity
772 511 45 38 of
839 517 116 32 silver
972 519 98 39 Vain,
1101 517 44 34 of
1168 519 224 39 Elizabeth,
1420 519 142 39 James,

202 557 70 33 attl
295 555 175 45 Ohnrles,
502 562 66 40 iva§
568 562 17 40 .
585 562 85 40 d:re%
686 562 132 46 uplast
839 565 104 33 week
967 578 45 20 on
1032 578 21 21 a
1074 566 96 33 farm
1189 567 122 34 called
1335 568 90 41 Lan,
1454 568 34 33 in
1504 568 26 32 ti
1546 578 18 21 e

207 604 136 46 pnriSb`
365 604 46 39 rear
431 608 228 41 Anertaiitt,'
680 614 86 32 ittair
784 613 262 35 Carmarthen.
1102 614 203 37 Tradition
1341 615 150 33 informs
1509 626 56 30 us,

204 653 152 35 thalzvia
389 650 131 41 racoon
572 664 77 28 malt
681 661 105 33 stood
817 669 48 26 on
889 661 70 33 this
978 667 102 39 spot,
1107 663 132 44 during
1257 669 90 39 part
1363 664 44 34 of
1435 664 110 34 Croat-

300 703 33 34 'to
343 703 257 38 bitrotectOrsli
608 707 8 32 i
625 719 20 33 F
653 730 8 11 .

255 765 81 33 The
371 767 124 33 fallow
511 770 56 34 inz
601 770 27 32 is
659 769 64 33 the
757 775 94 30 most
893 771 167 43 singular
1087 772 162 34 instance
1286 772 47 34 of
1359 772 188 35 swindlin.

206 809 78 35 vehie
283 809 15 35 .
299 809 33 35 ll
431 817 178 33 recollect
635 822 39 28 to
694 819 91 33 have
808 819 115 33 heard
944 820 43 32 of
1002 819 58 33 for
1078 831 102 22 some
1201 822 100 33 time.
1359 823 58 34 On
1439 823 105 32 Satur-

206 862 74 43 day
298 861 198 45 *e'imight,
531 875 22 22 a
565 866 143 40 genteel
732 867 138 38 looking
870 867 20 38 .
920 878 81 22 man
1019 870 150 31 arrived
1189 876 37 26 at
1250 880 25 22 a
1287 878 102 26 town
1406 870 33 32 in
1456 870 79 33 114.

203 912 221 32 cestershir-
457 912 34 34 in
508 922 25 22 a
548 914 125 32 citaise
687 926 11 27 ;
725 915 71 33 and
824 913 100 35 after
952 917 155 44 making
1139 927 110 27 many
1283 918 184 44 inquiries
1504 930 45 21 re•

210 958 168 44 spectiag
407 966 61 26 we
488 959 243 43 inhabitants,
757 961 45 33 he
817 970 80 26 sent
914 974 21 21 a
959 971 85 25 note
1064 970 35 28 to
1116 964 63 34 the
1200 965 227 45 Clergyman
1449 965 44 35 of
1504 966 58 33 the

207 1009 145 40 parish,
389 1017 41 24 sa
463 1007 74 45 lug,
582 1010 80 31 that
694 1010 87 33 with
823 1012 54 31 his
909 1012 236 43 permiss:on,
1175 1012 45 34 he
1252 1015 128 32 would
1416 1015 47 33 do
1498 1015 63 33 the

209 1054 91 45 duty
319 1054 43 32 of
370 1055 64 33 the
450 1055 54 34 Cl
513 1058 87 31 arch
630 1068 44 22 on
693 1058 63 33 the
774 1058 201 45 following
991 1059 226 44 day.—The
1238 1059 227 46 Clergyman
1478 1072 65 22 cop

208 1108 142 33 senten,
377 1104 70 31 and
476 1106 237 38 aecordinely
746 1106 61 33 the
827 1111 168 39 stranger
1023 1113 98 28 went
1141 1109 158 43 through
1333 1110 63 33 the
1415 1110 129 33 variou

211 1149 120 33 duties
351 1150 43 33 af
407 1152 61 32 the
498 1153 85 43 day.
644 1152 116 45 Being
796 1166 34 21 in
852 1160 183 38 comparrY
1056 1155 37 33 in
1113 1156 70 34 the
1209 1157 174 45 evening,
1411 1157 46 34 he
1483 1161 77 31 saki

210 1196 80 46 that
315 1198 46 32 he
389 1204 80 28 whs
487 1200 111 44 going
631 1205 39 30 to
690 1202 86 32 take
809 1204 207 43 possession
1035 1204 45 32 of
1098 1214 22 22 a
1153 1204 116 45 living
1294 1205 37 34 in
1357 1206 203 44 Bromptoo

211 1244 116 35 Brian
345 1258 11 26 ;
384 1247 69 31 and
472 1248 195 41 onseried,
694 1251 80 31 that
806 1250 46 32 he
874 1252 132 32 should
1028 1251 44 33 be
1093 1252 126 34 rather
1232 1253 106 34 short
1359 1253 41 33 of
1417 1264 145 34 money,

211 1292 34 34 if
262 1293 43 32 he
322 1296 109 32 could
452 1303 64 25 not
531 1302 58 38 get
622 1298 203 43 somebody
846 1304 40 27 to
904 1299 86 32 cash
1022 1310 25 22 a
1077 1300 137 39 check,
1241 1300 146 45 (which
1420 1302 44 33 he
1478 1313 64 33 pro-

210 1341 154 43 duced),
392 1354 46 22 on
456 1354 24 22 a
511 1345 148 33 London
687 1344 164 38 Banker.
911 1346 30 33 A
960 1346 217 34 Gentleman
1196 1354 150 35 present
1367 1349 137 35 offered
1526 1357 37 27 to

208 1390 139 43 supply
371 1391 72 32 nim
469 1391 86 32 with
588 1393 84 33 cash
700 1393 56 33 fur
787 1394 45 40 it,
862 1394 124 34 vehich
1009 1396 44 32 he
1070 1397 197 43 accepted,
1292 1397 72 34 and
1382 1398 80 33 said
1482 1398 76 33 that

210 1435 47 34 he
278 1449 72 21 was
364 1439 110 44 goine.
493 1443 93 28 irota
606 1440 63 32 the
689 1441 123 44 place,
840 1443 66 32 but
921 1444 132 33 should
1076 1449 125 28 retera
1219 1455 44 22 on
1284 1444 63 33 the
1367 1444 128 34 follow
1504 1446 34 34 in

210 1483 211 35 Titurzday.
481 1487 40 32 In
536 1493 60 26 the
613 1498 105 24 mean
739 1488 87 34 time
847 1501 19 21 a
889 1501 131 33 person
1039 1492 150 38 arrived
1209 1498 34 27 at
1267 1492 64 33 the
1344 1504 98 24 same
1462 1500 73 28 tow
1544 1506 18 21 ii

210 1531 98 35 from
334 1534 112 40 Bat;I,
475 1534 67 33 and
570 1535 78 32 said
677 1537 80 32 that
785 1537 46 34 he
867 1548 76 24 was
964 1540 35 32 in
1022 1540 143 41 pursuit
1188 1540 41 35 of
1239 1552 21 21 a
1283 1551 83 24 man
1385 1541 84 33 who
1491 1541 67 33 had

210 1581 110 40 given
341 1581 73 32 him
436 1593 22 21 a
476 1583 115 32 cheek
626 1594 99 33 upon
739 1594 21 21 a
790 1586 150 33 London
965 1587 167 40 Banker,
1162 1589 122 33 which
1307 1599 74 24 was
1398 1589 109 34 found
1527 1597 33 25 to

210 1628 48 35 be
279 1628 97 33 el'au
396 1630 133 40 value;
556 1632 90 39 and,
665 1643 45 22 an
744 1633 151 43 mahing
914 1633 165 46 inquiry,
1111 1636 45 32 he
1175 1635 65 34 felt
1258 1637 202 34 convinced
1483 1638 59 32 the

210 1675 67 34 the
293 1684 145 37 strange
471 1678 223 44 Clergyman
716 1687 91 27 must
843 1682 44 31 be
907 1684 63 30 the
1006 1693 80 22 inan
1106 1683 46 32 he
1169 1682 132 46 sought
1320 1697 9 27 ;
1358 1685 69 32 and
1446 1695 45 24 an
1508 1685 33 33 in-

211 1729 156 28 terview
385 1726 200 37 coneinced
608 1727 73 33 hint
700 1727 78 34 that
814 1729 44 33 he
886 1740 72 22 was
977 1730 117 43 right.
1149 1731 80 33 The
1246 1731 188 45 supposed
1457 1731 81 34 Clef-

211 1782 133 34 gy.:nan
364 1772 142 34 framed
526 1785 100 22 some
658 1775 159 44 plausihl
856 1788 135 21 excuse
1007 1778 58 34 for
1093 1778 56 33 his
1174 1780 172 41 conduct,
1372 1780 69 33 and
1457 1781 86 33 satis-

214 1820 71 33 fied
302 1821 53 32 his
374 1831 155 34 pursuer
543 1822 47 44 by
622 1825 137 43 paying
776 1825 76 31 him
870 1825 63 32 the
947 1833 148 34 greater
1114 1833 83 37 part
1217 1827 44 33 of
1277 1827 54 33 his
1350 1828 103 40 debt,
1470 1830 90 32 with

211 1869 65 32 the
295 1878 106 34 money
402 1878 21 34 .
423 1878 21 34 ,
472 1869 26 33 it
522 1870 26 32 is
578 1872 178 43 suppo-ell
756 1872 20 43 s
807 1874 77 30 that
904 1874 44 30 he
969 1873 70 32 had
1052 1874 176 33 obtained
1247 1873 176 37 fromihe
1440 1878 91 31 alio;

211 1916 235 33 Gentleinau.
500 1917 81 33 The
599 1926 84 25 item
707 1920 167 44 morning
893 1920 50 32 he
958 1920 67 33 left
1039 1920 64 33 the
1131 1928 116 34 town,
1273 1923 71 32 and
1365 1933 45 21 no
1431 1924 112 37 tiding

213 1961 93 35 have
322 1967 98 30 since
437 1967 89 31 been
546 1967 112 32 heard
689 1967 45 32 of
749 1968 87 32 him.
892 1969 63 32 lie
971 1970 194 43 appeared
1180 1971 113 32 about
1325 1971 48 34 26
1402 1982 105 32 years
1525 1980 32 26 0:

210 2021 86 34 age,
324 2011 269 44 an,lpos,es-ed
614 2024 45 21 an
689 2015 180 44 ert.,aging
891 2026 132 32 per3on
1054 2019 73 33 and
1147 2019 174 37 address;
1368 2020 30 33 it
1420 2020 28 32 is
1468 2027 94 27 most

211 2061 187 45 probahie
417 2061 81 32 that
515 2063 43 30 ite
572 2061 102 33 isnot
689 2070 22 25 a
730 2065 240 41 Clergyman.

265 2122 54 30 On
341 2122 169 43 Tuesday
549 2121 196 45 se'nnight,
767 2134 24 21 a
824 2125 66 31 fire
908 2125 118 33 broke
1045 2131 67 28 out
1140 2126 35 34 in
1194 2126 61 34 the
1286 2126 116 35 house
1428 2130 44 33 of
1487 2131 72 34 Mr.

211 2166 247 41 Weathered,
490 2170 283 41 bridge-street,
804 2172 198 41 Berwick,
1044 2174 65 33 but
1131 2185 76 22 was
1240 2176 230 38 fortunately
1500 2187 59 33 got

210 2215 115 33 under
351 2218 130 31 betore
502 2218 113 43 doing
641 2230 66 20 an.
739 2220 142 33 serious
909 2220 268 45 damage—we
1204 2223 221 37 understand
1446 2228 27 32 it
1487 2238 74 22 was

211 2264 216 32 occasioned
449 2265 48 43 by
515 2275 106 24 some
647 2274 112 26 straw
793 2268 84 32 that
896 2267 71 34 had
1002 2270 90 33 been
1110 2277 65 35 put
1191 2281 46 33 up
1251 2271 64 33 the
1333 2272 170 46 chimney
1525 2283 37 25 to

211 2319 150 35 prevent
402 2319 47 30 we
449 2319 24 30 -
493 2320 80 26 soot
600 2314 92 33 frau,
729 2314 135 44 falling
882 2326 99 33 upon
1015 2317 59 33 the
1104 2319 110 39 floor,
1240 2319 70 33 and
1333 2321 137 43 which,
1500 2331 58 24 no:

209 2359 109 43 being
339 2361 111 32 taken
465 2367 63 26 out
546 2361 104 33 when
669 2363 59 31 the
744 2363 67 32 tire
834 2374 74 22 was
930 2372 66 35 put
1011 2373 81 34 out,
1119 2365 64 34 fell
1204 2367 111 34 down
1330 2368 70 34 and
1421 2370 120 33 threat-

208 2407 93 33 ened
317 2407 59 32 the
397 2419 21 19 w
433 2407 84 33 hole
539 2412 174 40 premises
731 2409 90 34 with
841 2421 47 24 an
909 2412 135 34 instant
1064 2413 287 45 conflagration.

262 2466 151 33 Several
430 2477 148 34 persons
596 2469 72 33 lost
687 2469 96 33 their
800 2471 97 33 lives
917 2484 67 21 one
1000 2474 104 43 night
1120 2476 72 32 last
1205 2477 112 33 week
1332 2477 34 33 in
1383 2483 155 41 attempt-

211 2512 64 44 ing
291 2518 38 28 to
348 2519 124 27 return
490 2526 105 21 nonce
614 2516 94 33 from
732 2518 343 43 Whitby-market.
1130 2523 249 45 Christopher
1402 2528 111 32 Swal,
1530 2543 26 18 s.

211 2571 24 21 a
256 2561 122 32 biark'
391 2563 107 40 milli,
526 2570 39 25 at
596 2564 203 41 Goatiand,
829 2568 118 31 about
976 2575 59 27 ten
1058 2570 105 32 miles
1191 2570 97 34 from
1315 2572 171 40 Whitby,
1513 2587 44 21 or

211 2608 56 33 his
287 2619 141 31 return,
456 2611 120 32 called
594 2622 99 33 upon
713 2613 52 32 his
782 2624 64 21 son
861 2620 39 27 at
921 2616 178 41 Sleirhts,
1130 2619 83 33 who
1227 2620 125 43 seeing
1365 2621 53 33 his
1435 2611 122 44 father

207 2656 234 34 determioed
462 2663 37 27 to
515 2659 161 44 i;roceed
694 2670 45 22 on
761 2661 54 32 his
834 2660 181 47 journey,
1044 2666 209 33 undertook
1270 2673 38 26 to
1328 2678 222 37 accompair.

211 2704 76 33 him
302 2715 91 22 over
412 2712 64 26 the
506 2714 90 25 most
615 2707 151 34 difficult
793 2714 87 39 part
896 2709 45 33 of
966 2712 63 31 the
1049 2713 106 33 road.
1212 2714 152 43 Having
1380 2719 177 32 travelled

207 2761 26 22 a
249 2753 71 32 ICW
344 2753 124 41 miles,
495 2754 63 32 the
578 2756 64 33 old
661 2766 80 22 man
769 2767 103 32 grew
892 2767 40 22 so
956 2758 94 34 faint
1080 2760 83 34 that
1183 2760 54 34 his
1256 2773 65 22 son
1350 2774 73 24 was
1444 2766 115 33 under

208 2802 64 32 the
291 2803 182 44 necessity
493 2802 45 32 of
559 2803 135 44 taking
712 2804 73 31 him
806 2815 99 33 upon
932 2805 53 34 his
1002 2807 111 33 hark.
1170 2807 110 35 After
1298 2815 261 40 encounterine

208 2849 64 31 the
289 2855 163 37 greatest
470 2850 228 39 diticulties,
725 2851 87 43 they
840 2854 162 33 reached
1019 2855 60 32 the
1098 2855 66 33 end
1195 2857 41 32 of
1261 2858 100 34 their
1378 2857 180 47 journey,

207 2896 64 32 but
293 2906 59 22 not
376 2901 126 30 hetore
526 2898 61 32 the
606 2897 128 34 father
754 2898 71 33 had
844 2901 157 34 suffered
1020 2913 39 22 so
1080 2906 165 41 severely
1276 2906 97 34 from
1393 2908 60 34 the
1474 2910 83 33 cold

207 2944 70 32 and
296 2943 158 46 fatigue,
482 2946 80 32 that
583 2944 45 33 he
643 2948 161 43 expired
820 2948 130 32 almost
974 2950 254 35 immediately
1248 2963 46 22 on
1313 2956 165 41 entering
1499 2957 60 33 the

210 2992 126 34 boteht.
399 2996 13 30 1
430 3004 43 21 tie
502 3004 63 22 son
586 3004 79 22 was
684 2995 78 32 also
784 2996 158 33 reduced
963 3002 39 27 to
1022 2999 87 32 such
1131 3009 22 21 a
1183 3007 93 26 state
1307 3000 46 34 of
1370 3005 188 33 weakness

207 3039 52 43 by
278 3039 60 33 the
356 3041 191 32 exvitions
567 3043 45 31 he
633 3041 69 33 had
716 3044 92 32 heed
827 3046 210 43 compelled
1058 3052 38 27 to
1122 3048 128 40 make,
1277 3048 83 33 that
1382 3051 53 33 his
1454 3061 79 24 reco-

208 3096 91 26 vc-v
322 3098 72 22 was
416 3089 59 32 for
498 3099 98 21 some
615 3090 89 33 time
723 3090 189 34 doubtful.
969 3094 170 32 Another
1157 3094 128 34 victim
1307 3104 39 26 to
1365 3098 63 33 the
1456 3109 80 24 seve-

208 3135 76 43 rity
302 3136 44 32 of
369 3136 63 33 the
449 3142 128 33 storm,
606 3146 77 24 was
711 3148 24 24 a
759 3149 126 33 young
909 3150 142 22 worear
1072 3141 45 33 of
1134 3142 61 33 the
1218 3154 85 24 nag:-..
1303 3154 13 24 -
1350 3145 44 32 of
1410 3146 145 43 Sellers,

400 3193 24 24 a
442 3184 159 34 resident
630 3185 34 33 in
687 3185 209 41 Goatiand;
925 3189 61 32 the
1007 3196 90 26 most
1122 3193 164 43 pressing
1303 3195 198 33 entreaties
1519 3197 44 32 of

206 3230 70 33 her
293 3230 139 34 t'.:ends
463 3239 38 26 at
524 3233 152 45 Whitby
706 3234 110 34 could
846 3241 63 27 tint
935 3237 144 41 prevail
1115 3239 91 33 with
1237 3239 66 34 her
1336 3244 39 28 to
1393 3246 83 40 stay
1496 3242 60 34 the

325 3292 9 26 ;
366 3278 66 33 her
450 3286 167 28 constant
648 3282 109 44 reply
784 3283 122 39 being,
935 3283 81 33 that
1048 3283 33 33 it'
1103 3285 64 33 she
1185 3286 60 33 did
1276 3292 66 30 not
1359 3299 47 32 go
1434 3291 118 35 home.

206 3324 34 35 he
240 3324 17 35 .
256 3324 18 35 :
292 3328 149 32 mother
462 3330 119 32 wohtd
598 3331 178 32 conelade
796 3331 79 31 that
891 3332 208 43 something
1119 3334 72 32 had
1208 3335 197 43 happened
1424 3345 38 25 to
1478 3339 76 33 her.

208 3389 59 20 xio
288 3380 63 27 the
369 3377 157 44 evening
539 3377 116 33 °fine
674 3377 98 41 ISte,
803 3379 66 31 she
888 3390 73 22 was
981 3381 112 32 found
1115 3383 128 41 sitting
1254 3394 100 32 upon
1374 3386 63 33 the
1454 3396 94 25 snow

206 3435 47 21 on
270 3424 60 32 the
358 3433 123 30 moor,
513 3425 89 32 with
627 3430 64 28 her
712 3428 59 31 hoi
782 3436 8 22 F
790 3436 9 22 .
800 3436 19 22 ,e
839 3428 170 43 standing
1029 3431 14 28 h
1043 3431 14 28 ,
1057 3431 14 28 .
1098 3430 81 40 her,
1207 3432 69 31 and
1297 3432 64 32 the
1380 3432 120 34 bridle
1521 3435 33 32 ill

207 3471 66 33 her
304 3472 112 38 hand,
444 3472 126 44 dearly
607 3474 172 44 perished
803 3480 35 26 to
861 3471 137 44 (Atli;
1029 3480 61 31 hut
1129 3488 46 22 on
1204 3480 109 40 being
1333 3481 112 32 taken
1475 3488 34 27 to

204 3519 252 41 thrm-horse,
481 3528 66 26 sae
569 3531 92 22 soon
681 3527 215 31 reeovereti.
948 3526 73 32 She
1039 3530 94 27 must
1154 3526 93 32 have
1269 3528 92 33 been
1389 3539 163 34 exposeo

201 3574 44 26 to
266 3575 61 26 the
341 3578 129 24 severe
498 3576 112 26 storm
632 3576 63 26 not
718 3570 67 32 less
806 3578 6 25 t
824 3573 72 31 han
909 3570 47 34 30
978 3572 122 34 hours.
1162 3574 26 32 A
1209 3574 139 34 farmer
1367 3575 45 33 Of
1429 3578 122 32 Live:-

206 3622 78 30 ton,
465 3615 150 34 Rcithen
831 3619 79 32 also
940 3620 189 44 returning
1155 3622 92 33 from
1283 3622 174 38 Whitby,
1485 3627 69 32 lost

207 3663 57 33 his
281 3663 67 35 life
367 3674 90 21 near
476 3665 254 43 Scalii.gdam,
757 3666 97 33 titan
878 3666 61 33 the
961 3669 227 44 incleihrocy
1212 3670 43 32 of
1286 3672 63 33 the
1369 3673 161 34 iveather
1544 3689 8 19 ;

202 3712 60 32 his
278 3711 102 44 body
404 3720 74 25 was
498 3712 110 34 fouod
627 3724 21 21 a
671 3713 70 32 few
756 3716 92 41 days
875 3715 226 34 afterwards
1120 3717 84 33 und,
1220 3729 15 20 r
1257 3724 64 27 the
1337 3730 99 24 snow
1453 3733 12 24 ;
1494 3723 32 32 th
1526 3723 17 32 ,

202 3762 142 44 people
360 3763 315 31 whoniscoveced
696 3762 71 33 him
793 3764 247 40 nv.H...,..irawn
1059 3771 38 25 to
1115 3765 63 32 the
1209 3775 66 35 pot
1293 3768 47 31 by
1359 3771 193 40 otherving

201 3820 25 21 a
243 3809 98 32 stick
361 3808 135 45 placed
515 3819 64 35 upi
594 3808 74 44 ight
694 3811 33 31 in
756 3811 63 32 the
849 3820 117 31 snow,
998 3822 28 22 w
1037 3814 83 31 hien
1143 3824 164 24 taeasure
1341 3817 26 31 it
1393 3827 138 35 appear-

198 3856 66 35 the
291 3857 181 33 deceased
500 3856 71 33 had
591 3857 163 44 adopted
789 3868 41 22 as
847 3868 24 22 a
887 3860 131 41 signal,
1052 3861 104 34 when
1189 3863 208 34 exhausted
1426 3872 128 28 nature

201 3907 71 32 Lad
294 3907 91 30 heel)
404 3905 213 44 compelled
652 3912 37 26 to
707 3908 118 40 resign
863 3908 60 31 the
958 3907 170 44 hopeless
1152 3915 150 31 contest.
1359 3913 96 33 Two
1476 3925 77 22 men

201 3954 96 34 have
331 3956 91 32 been
451 3953 111 34 found
595 3964 45 20 'it)
674 3953 60 34 the
763 3954 137 40 'Moor,
930 3965 90 24 near
1050 3957 105 32 Cock
1183 3958 222 43 Aloor-hall,
1434 3963 35 33 in
1489 3963 59 32 the

196 4002 90 35 rici
286 4002 22 35 ,
308 4002 203 35 hbourhood
531 3999 43 34 of
596 4002 281 44 Sc,.rhorough,
907 4002 87 34 who
1012 4004 72 33 had
1102 4005 175 44 perished
1302 4007 38 33 in

1352 4007 70 38 .the
1440 4015 111 30 storm

257 4050 18 44 .
275 4050 177 44 ;a.ltirday
472 4049 64 34 the
553 4049 85 34 17th
661 4050 146 33 ultimo.

165 4107 26 19 1
191 4107 26 19 '
247 4110 30 34 A
294 4103 191 47 illorking
516 4106 112 34 ..tfair
659 4107 198 45 happened
888 4119 45 22 on
964 4108 201 46 Thursday
1192 4110 70 34 last
1293 4117 41 30 at
1363 4114 187 45 Dowghte

433 4165 89 26 no,,r
546 4154 175 45 Welling,
754 4155 142 35 Bucks.
951 4156 190 34 Fourteen
1163 4170 77 22 men
1257 4170 100 25 were
1376 4166 41 30 at
1446 4166 103 31 work

252 4206 61 37 tae
441 4207 118 28 v..t.,ch
580 4217 28 19 is
630 4202 72 35 100
715 4204 70 34 feet
807 4205 110 45 deep,
950 4205 105 34 when
1072 4212 46 27 an
1140 4207 214 46 impending
1368 4209 184 46 cliffgave

164 4252 28 15 ••
233 4248 5 45 •
285 4261 7 6 •
325 4248 2 45 -
498 4248 5 45 *
534 4252 24 33 d
700 4251 44 35 of
757 4256 118 38 them,
906 4253 92 34 with
1019 4260 74 27 two
1113 4265 97 24 earls
1228 4257 66 32 and
1315 4256 84 35 four

194 4269 15 22 I
209 4269 15 22 v
233 4269 47 32 ay
286 4281 11 20 •
330 4266 71 34 4,1.
425 4261 106 27 _one
573 4260 109 25 seven

165 4294 215 46 "itielfb'
396 4303 64 32 the
485 4300 79 33 iren
587 4309 98 24 were
706 4299 71 44 dug
798 4307 66 27 out
889 4312 46 22 on
956 4303 61 32 the
1033 4312 100 22 same
1154 4304 90 40 day,
1273 4311 46 27 tw
1332 4318 20 18 o
1370 4306 43 32 of
1430 4307 118 33 whom

1153 144 360 65 W1TP11735!
1576 159 243 54 tre.f)ri
1848 169 19 38 ?
1975 168 145 51 list

1088 285 148 51 THE
1274 280 384 54 NATIONAL
1695 279 387 52 REGISTER.

2691 274 159 51 J.A.T.
2897 278 58 47 15
2993 296 11 7 -

2904 428 17 19 IL
2935 423 44 24 Ile

1631 413 60 32 the
1709 415 150 32 Seventh
1881 424 83 22 man
1985 422 77 25 was
2083 410 193 46 protected
2296 413 48 43 by
2373 423 24 24 a
2413 418 99 33 cart,
2538 412 73 33 and.
2636 413 30 32 is
2694 424 34 22 nm
2747 415 96 32 hurt.

1633 461 136 35 horses.
1796 461 180 44 although
1994 467 65 26 not
2073 459 135 40 kilted,
2237 469 96 25 were
2352 459 174 35 rendered
2546 461 144 37 useless.

1756 509 172 45 nifecting
1950 519 105 24 scene
2083 508 176 34 occurred
2287 513 39 30 at
2359 508 208 40 Southend,
2594 507 234 44 Yorkshire,
2852 511 123 31 abnat

1629 560 57 31 six
1709 557 149 34 o'clock
1880 559 70 32 last
1975 556 233 44 Wednesday
2228 553 215 46 seennight.
2502 557 143 41 During
2673 557 63 32 the
2756 557 167 33 violence
2942 557 43 33 of

1633 611 60 28 Lae
1711 611 129 38 storm,
1869 606 72 34 five
1971 605 45 33 of
2043 606 60 32 the
2131 604 172 35 Humber
2323 605 112 44 pilots
2461 605 93 35 took
2576 615 22 22 a
2626 605 105 34 .wall
2748 607 110 40 iroat,
2885 605 93 44 with

1631 653 61 35 the
1729 654 180 33 intention
1933 652 44 35 of
1998 654 112 41 going
2131 653 155 34 .aboard
2316 652 104 35 their
2454 652 224 46 pilot-boat,
2708 653 105 44 lying
2841 653 53 34 off
2916 653 64 34 the

1629 703 181 44 garrison.
1861 702 86 34 Jupt
1964 712 41 22 as
2024 700 87 44 they
2133 707 64 37 put
2220 702 65 40 off,
2310 713 19 21 a
2355 711 102 24 wave
2489 702 126 32 struck
2637 703 60 31 the
2720 702 105 40 biiat,
2854 702 124 32 which

1631 751 177 43 instantly
1825 761 76 24 was
1918 755 112 39 upset
2043 750 34 33 in
2092 749 61 33 the
2170 750 102 44 sOit
2290 750 41 33 of
2352 759 22 25 a
2392 749 155 34 number
2565 749 41 34 of
2622 749 155 45 people,
2802 750 69 33 and
2890 749 92 44 only

1632 806 74 26 two
1729 809 98 22 were
1844 798 125 34 saved.

1680 847 86 34 Last
1783 846 104 34 week
1900 856 99 24 some
2019 855 150 34 persons
2181 846 167 45 amusing
2366 844 219 34 themselves
2598 844 92 34 with
2711 856 25 21 a
2756 844 226 46 rifle-piece,

1629 906 45 21 on
1698 896 63 33 the
1791 894 148 35 Salford
1974 894 80 33 side
2087 893 41 33 of
2151 895 64 32 the
2252 894 144 40 Irwdl,
2412 904 20 22 a
2454 894 74 33 bail
2567 894 94 34 from
2682 894 26 33 it
2739 894 146 33 entered
2916 895 61 31 the

1633 943 157 33 window
1822 943 43 33 of
1889 953 22 22 a
1946 943 113 33 house
2096 943 34 33 in
2163 943 278 44 Strangcways,
2458 943 128 33 struck
2614 943 54 32 oil
2694 952 65 22 ine
2781 943 87 33 head
2890 940 45 35 of
2955 952 25 25 a

1654 990 106 34 ailit's
1776 991 73 33 doll
1873 991 103 38 king
1995 989 118 40 aside,
2130 990 71 33 and
2222 990 128 44 passed
2368 989 159 45 through
2551 998 34 25 10
2616 991 61 31 the
2696 990 98 32 If-irk
2815 991 163 43 yard.—

1635 1039 298 43 Providentially
1952 1045 39 27 at
2013 1038 61 33 the
2091 1039 86 32 time
2196 1039 64 33 the
2276 1038 83 34 shot
2378 1049 72 22 wac
2469 1038 111 39 hied,
2606 1037 61 34 the
2682 1041 158 31 mistress
2858 1038 43 33 of
2915 1038 64 34 the

1631 1094 110 28 nouse
1757 1097 73 24 was
1848 1087 174 45 stooping
2040 1093 38 26 to
2096 1096 124 34 sweep
2242 1085 64 34 the
2321 1087 149 39 hearth,
2489 1085 208 33 otherwise
2719 1085 28 33 it
2767 1091 92 27 must
2880 1085 97 33 have

1632 1135 138 45 proved
1791 1134 91 34 fatal
1904 1139 37 27 to
1956 1134 77 34 her.
2089 1135 148 32 Several
2259 1134 163 33 children
2459 1143 99 24 were
2578 1133 157 45 playing
2756 1133 34 33 in
2807 1133 58 34 the
2882 1134 98 45 yard

1629 1191 38 26 at
1682 1183 63 33 the
1761 1183 103 33 time.
1892 1183 80 32 The
1990 1182 139 44 danger
2148 1182 44 33 of
2207 1183 73 33 this
2297 1182 164 45 practice
2481 1182 64 33 has
2564 1183 87 32 been
2673 1182 129 33 becore
2823 1183 152 43 pointed

1631 1237 79 34 out,
1731 1231 93 33 from
1838 1231 145 33 similar
2006 1230 139 33 hazard
2163 1235 57 38 atn
2219 1235 19 38 -
2238 1235 117 38 iining
2372 1230 40 34 it.

1678 1279 30 33 A
1742 1289 87 33 very
1871 1278 236 41 melancholy
2137 1280 169 31 aer;dent
2339 1276 196 46 happened
2572 1287 21 22 a
2623 1277 73 33 few
2732 1277 91 44 (lays
2836 1289 71 33 ago
2933 1284 45 26 At

1631 1328 227 44 Sharperion
1878 1326 98 41 ford,
2006 1335 46 25 on
2083 1325 60 34 the
2177 1326 149 44 Coquet
2355 1326 129 33 River.
2537 1326 52 33 As
2604 1336 21 24 a
2648 1335 94 33 poor
2763 1325 100 33 blind
2891 1335 84 24 man

1628 1375 130 34 named
1780 1374 167 45 Howey,
1976 1374 93 33 with
2104 1374 63 33 his-
2185 1385 80 27 son,
2293 1385 24 24 a
2342 1374 60 33 lad
2419 1375 118 32 about
2557 1374 133 32 twelve
2709 1382 110 33 years
2833 1372 43 35 of
2889 1383 86 35 age,

1638 1433 90 25 ,sere
1748 1424 34 32 in
1795 1424 61 32 the
1869 1430 57 27 act
1945 1422 44 33 of
2003 1423 158 41 crossing
2178 1421 63 34 the
2264 1422 97 34 Ford
2391 1430 37 25 to
2451 1421 200 33 Woodhall
2666 1431 46 22 on
2732 1431 24 22 a
2772 1419 103 35 small
2893 1422 61 43 gal-

1630 1473 141 43 loway,
1770 1466 2 51 ,
1801 1470 27 33 it
1861 1472 27 32 is
1915 1470 184 44 supposed
2119 1470 63 33 the
2209 1470 57 33 ice
2282 1470 143 43 coining
2456 1469 110 33 down
2587 1479 89 34 very
2707 1466 163 46 rapidly,
2901 1469 71 47 hail
2972 1469 18 47 .

1638 1519 162 34 inoeked
1818 1519 64 32 the
1913 1518 138 33 animal
2083 1527 105 31 over,
2215 1518 71 32 and
2315 1519 59 31 the
2408 1527 97 34 poor
2533 1527 83 22 man
2647 1517 109 44 being
2781 1517 133 32 unable
2936 1522 38 25 to

1631 1569 126 33 render
1775 1565 150 35 himself
1938 1576 43 24 or
2007 1576 65 24 son
2100 1576 71 34 any
2198 1567 211 40 assistance,
2435 1565 92 33 both
2564 1574 99 26 were
2698 1564 276 50 unfortunately

1628 1615 188 34 drowned.

1776 1719 367 46 TUESDAY'S
2179 1720 276 45 LONDON
2493 1717 328 46 GAZETTE.

1952 1863 332 43 Downing-street,
2311 1861 94 32 Jun.
2439 1859 59 39 10,
2528 1859 64 34 ISO
2591 1859 44 34 9.

1676 1923 243 45 Dispatches,
1945 1923 97 34 from
2067 1920 122 35 which
2213 1920 63 34 the
2298 1920 196 43 following
2513 1930 64 22 are
2593 1923 183 35 extracts,
2798 1928 112 32 were,
2928 1929 48 22 on

1629 1972 58 33 the
1706 1974 65 32 tith
1794 1972 146 35 instant,
1961 1971 167 34 received
2156 1977 37 26 at
2225 1969 63 33 the
2316 1969 102 32 office
2443 1967 45 33 (If
2515 1968 92 32 Lord
2633 1968 27 32 V
2670 1968 138 32 iLcontit
2830 1967 124 34 Castle-

1629 2021 129 44 reagh,
1776 2030 67 22 one
1863 2019 45 33 of
1931 2021 54 33 his
2006 2017 193 47 Maje3ty's
2219 2017 193 43 Principal
2431 2015 227 34 Secretaries
2676 2015 46 32 of
2745 2019 116 37 Stale,
2877 2015 93 32 front

1632 2068 394 33 Lieutenant-General
2049 2070 58 31 Sir
2125 2066 104 34 John
2250 2065 146 39 Moore,
2417 2063 48 33 K.
2490 2063 44 33 B.
2552 2063 246 33 Commander
2812 2065 32 31 in
2858 2062 119 35 Chief

1626 2117 45 33 of
1693 2117 57 32 his
1778 2117 196 45 Alaje6ty's
1998 2117 137 32 Forces
2148 2113 202 46 employed
2370 2112 33 32 in
2425 2112 116 44 Spain
2555 2122 8 21 :

2378 2174 219 39 Bencrente,
2623 2173 86 34 Dec.
2730 2173 61 39 28,
2820 2171 105 35 1803.

1676 2228 106 35 Since
1806 2228 17 34 I
1857 2225 70 34 had
1946 2225 63 33 the
2028 2224 143 34 honour
2197 2228 40 27 to
2265 2222 144 33 address
2440 2231 71 34 you
2533 2231 98 34 upon
2657 2220 63 33 the
2756 2220 98 39 16th,
2872 2220 98 32 from

1637 2278 105 40 Coro,
1757 2278 61 32 the
1841 2272 110 44 Army
1980 2274 63 32 has
2073 2272 90 33 been
2189 2271 133 33 almost.
2348 2270 204 41 constantly
2587 2269 190 43 marching
2807 2267 157 45 through

1625 2336 118 28 snow,
1760 2326 71 33 and
1856 2323 91 32 with
1965 2320 84 35 cold
2070 2321 79 32 that
2181 2320 65 32 has
2283 2319 87 33 been
2392 2327 87 34 very
2503 2317 149 34 intense.
2707 2316 80 34 The
2806 2319 167 31 weather

1630 2374 129 32 within
1778 2374 100 35 these
1899 2370 72 33 few
1991 2369 105 43 days,
2124 2369 65 31 has
2209 2366 128 33 turned
2369 2372 37 26 to
2424 2366 98 39 rain,
2556 2365 120 33 which
2699 2365 27 32 is
2743 2365 105 32 much
2869 2373 103 24 more

1628 2422 291 34 .nacon►tortabie
1939 2420 87 32 than
2048 2417 61 32 the
2124 2417 103 39 cold,
2242 2414 70 34 and
2334 2413 63 33 has
2415 2413 176 33 rendered
2617 2412 61 33 the
2709 2412 109 33 roads
2835 2413 136 32 ahnost

1626 2470 236 45 impassable.
1919 2469 57 33 On
2006 2465 64 33 the
2095 2464 79 34 21st
2200 2463 59 33 the
2294 2461 116 44 Army
2440 2459 158 35 reached
2619 2460 174 43 Sahagun
2807 2471 9 28 ;
2846 2460 26 31 it
2894 2469 77 24 was

1624 2528 182 26 nece,,sar%
1835 2525 35 27 to
1894 2516 78 35 halt
1991 2512 104 34 there
2114 2513 33 32 in
2167 2511 109 33 order
2295 2515 38 27 to
2353 2507 141 34 refresh
2526 2507 64 33 the
2620 2518 94 30 men,
2735 2507 71 33 and
2830 2517 43 21 on
2902 2519 45 21 ae-

1622 2572 111 26 connt
1769 2564 44 34 of
1835 2564 224 47 provisions.
2114 2559 81 33 The
2231 2557 240 34 information
2509 2557 13 33 1
2562 2555 174 34 received
2776 2565 73 21 was
2884 2556 84 32 that

1625 2611 164 34 Marshal
1812 2614 85 33 Soul
1907 2619 13 28 t
1942 2621 76 24 was
2030 2613 38 28 at
2091 2606 163 34 Saldana
2271 2604 92 34 with
2379 2606 116 33 about
2507 2604 144 34 sixteen
2672 2603 181 33 thousand
2868 2613 102 32 men,

1628 2661 87 32 with
1739 2672 98 34 posts
1856 2662 34 32 at
1897 2674 20 19 o
1920 2670 46 33 m;
1985 2659 63 32 the
2067 2656 99 32 river
2185 2654 96 33 frotn
2303 2652 149 34 Cuarda
2472 2657 37 27 to
2529 2652 172 34 Carrion.

1671 2709 80 33 The•
1770 2709 117 44 Army
1922 2717 76 26 was
2029 2704 156 35 ordered
2220 2708 38 26 to
2289 2702 122 32 march
2452 2701 35 31 in
2522 2705 77 27 two
2629 2701 162 31 columns
2807 2704 39 27 at
2864 2699 106 44 eight

1623 2754 148 35 o'clock
1792 2769 44 22 on
1863 2758 61 32 the
1944 2754 106 44 night
2085 2751 43 33 of
2148 2752 63 32 the
2229 2750 85 40 `3d,
2335 2756 35 26 to
2391 2748 104 33 force
2512 2746 64 34 the
2596 2747 126 43 bridge
2738 2752 39 28 at
2796 2747 175 40 Carrion,

1624 2804 65 32 And
1706 2804 96 34 from
1818 2805 129 32 thence
1969 2800 158 46 proceed
2147 2805 38 26 to
2207 2799 175 32 Saldana.
2435 2797 51 32 At
2505 2794 59 33 six
2595 2794 146 33 o'clock
2764 2794 78 33 that
2859 2805 89 22 even-

1626 2862 72 34 ing.,
1721 2852 18 33 I
1757 2854 168 32 received
1946 2849 255 37 information,
2216 2846 77 33 that
2306 2844 256 35 considerable
2581 2842 299 34 reinforcements
2897 2842 72 34 had

1629 2900 142 33 •arrived
1791 2907 40 27 at
1852 2901 159 32 Carrion
2031 2896 92 33 from
2147 2894 194 35 Palencia,
2356 2893 66 33 and
2441 2902 22 22 a
2485 2893 107 32 letter
2611 2890 92 34 from
2720 2890 61 32 the
2802 2893 129 44 Alartbn
2941 2893 28 32 is

1622 2950 43 30 tie
1684 2948 38 33 lit
1739 2948 168 34 Itomana
1924 2944 178 35 infor►ned
2117 2953 71 30 me,
2202 2943 78 32 that
2301 2943 59 33 the
2382 2940 137 34 French
2541 2949 93 22 were
2652 2939 207 44 advancing
2872 2940 96 32 from

1628 2996 163 39 Madrid,
1808 2996 120 33 either
1944 3002 39 26 to
2007 2991 216 38 Valladolid
2259 3000 45 22 or
2337 2991 230 32 Salamanca.
2626 2986 32 33 It
2699 2996 77 21 %vas
2803 2988 165 40 evident,

1623 3044 77 33 that
1721 3045 28 32 it
1768 3056 73 21 was
1863 3051 61 25 toe►
1941 3043 78 33 late
2039 3048 38 25 to
2096 3043 193 41 prosecute
2309 3038 60 34 the
2387 3043 159 35 attempt
2580 3045 96 33 upon
2702 3034 119 41 Soult,
2841 3034 85 34 that
2950 3035 17 33 I

1623 3098 89 26 must
1731 3093 45 33 be
1789 3091 161 34 salisfied
1971 3089 94 34 with
2086 3089 61 32 the
2165 3085 187 34 diversion
2375 3087 13 33 I
2419 3085 70 33 had
2505 3083 234 39 occasioned,
2757 3084 70 31 and
2845 3085 78 31 that
2947 3083 20 34 I

1628 3141 65 32 had
1715 3152 46 21 no
1783 3141 86 32 time
1891 3150 37 22 to
1946 3139 76 32 lose
2042 3146 37 24 to
2099 3144 123 25 secure
2241 3144 58 31 my
2321 3141 150 26 retreat.
2702 3139 5 35 .
2734 3174 7 1 .

1669 3188 81 33 The
1765 3195 90 26 next
1874 3185 167 44 morning
2076 3180 398 39 Lieuteamit-General
2507 3178 126 43 Hope,
2662 3177 92 34 with
2791 3177 56 34 his
2880 3189 87 24 own

1633 3236 21 31 Ii
1665 3236 117 39 vision
1817 3236 70 33 and
1920 3235 80 33 that
2030 3233 44 35 of
2109 3233 89 33 Lieu
2209 3237 20 24 0
2246 3226 265 38 oust-General
2548 3226 149 40 Fraser,
2724 3226 172 34 marched
2928 3231 40 28 to

1628 3283 182 44 Thijorga.
1866 3283 18 33 I
1904 3288 77 28 sent
2010 3282 60 34 Sir
2099 3280 123 34 David
2255 3278 115 33 Baird
2394 3276 89 33 with
2506 3274 53 33 his
2574 3274 159 33 division
2747 3281 35 26 to
2804 3283 81 34 pass
2903 3274 65 34 the

1622 3331 97 33 river
1729 3338 41 27 at
1791 3332 198 40 'Valencia,
2007 3330 71 35 and
2091 3326 178 35 followed
2290 3328 21 31 L.
2319 3328 120 31 ieut.-1
2450 3322 138 35 ktneral
2607 3321 115 47 Hope
2735 3333 46 22 on
2802 3330 8 26 t
2820 3324 40 32 he
2877 3325 60 32 251
2947 3322 21 33 h

1661 3380 51 31 ith
1734 3381 60 31 the
1815 3390 143 24 reserve
1981 3380 72 32 and
2087 3380 59 30 the
2166 3377 94 44 light
2282 3376 126 44 brigado
2408 3376 18 44 ,
2426 3376 38 44 :,
2485 3373 46 41 by
2558 3371 185 45 Mljorga,
2770 3370 196 43 ValderaB,

1677 3428 174 34 Benevent
1851 3428 21 34 ,
1872 3428 22 34 .
1949 3428 85 32 The•
2046 3425 171 39 cavalry,
2250 3423 115 34 under
2398 3420 97 34 Lord
2530 3419 52 33 Pa
2601 3428 59 34 ,et,
2691 3419 176 33 followeil
2902 3420 66 33 the

1620 3485 144 22 reserve
1791 3487 45 22 on
1871 3477 63 32 the
1965 3475 89 34 26th
2070 3487 9 27 ;
2109 3472 87 33 both
2236 3472 61 32 the
2331 3472 111 32 latter
2460 3478 111 33 corps
2596 3467 149 35 entered
2766 3468 71 32 this
2857 3469 109 43 place

1624 3523 207 45 sesterday.
1889 3524 67 32 We
1974 3524 171 32 continue
2161 3531 69 22 our
2246 3520 124 33 march
2391 3530 44 21 on
2454 3522 172 38 Astorga.
2654 3516 178 33 Generals
2854 3516 113 44 Hope

1620 3573 66 32 and
1709 3573 135 34 Fraser
1873 3582 65 22 are
1956 3570 155 43 already
2131 3580 93 32 gone
2242 3579 47 24 on
2306 3580 11 28 ;
2346 3568 58 33 Sir
2428 3565 123 37 David
2578 3565 110 33 Baird
2717 3565 176 44 proceeds
2911 3573 39 26 to-

1620 3630 158 24 morrow
1795 3620 93 33 from
1910 3618 207 38 'Valencia;
2143 3618 71 32 and
2252 3617 12 32 I
2298 3617 93 33 shall
2413 3617 106 32 leave
2539 3614 72 33 this
2627 3613 92 33 with
2740 3611 61 33 the
2820 3622 146 25 reserve

1619 3676 34 25 it
1675 3669 61 33 the
1754 3679 100 22 same
1872 3669 87 33 time
1977 3680 9 27 ;
2020 3667 94 33 Lord
2139 3667 118 40 Paget
2283 3676 14 21 s
2323 3665 38 32 ill
2383 3664 139 33 remain
2554 3661 90 34 with
2662 3661 60 33 the
2741 3661 170 43 cavalry,
2927 3667 38 27 to

1649 3726 56 24 lye
1731 3728 39 22 us
1801 3716 123 34 notice
1954 3715 45 34 of
2021 3718 61 30 the
2111 3713 196 46 approach
2336 3711 43 34 of
2401 3712 63 33 the
2491 3720 129 33 enemy
2639 3720 11 26 ;
2681 3707 164 34 hitherto
2867 3711 98 33 their

1620 3764 161 45 tufantry
1804 3765 93 32 have
1915 3769 63 27 not
1996 3774 104 24 come
2115 3772 65 33 up,
2202 3762 64 32 but
2285 3761 86 45 they
2391 3771 64 21 are
2471 3770 102 28 near,
2591 3758 67 33 and
2681 3758 63 32 the
2763 3759 154 43 cavalry
2935 3759 30 32 is

1620 3813 111 33 round
1755 3823 40 24 us
1811 3814 33 32 in
1876 3819 104 37 great
1998 3811 193 39 numbers;
2222 3811 85 41 they
2327 3820 65 22 are
2409 3808 167 34 checked
2611 3807 50 43 by
2692 3816 70 22 our
2791 3808 174 43 cavalry,

1624 3860 117 34 which
1765 3861 93 33 have
1876 3859 194 43 obtained,
2089 3859 46 45 by
2156 3859 99 33 their
2284 3857 112 44 spirit
2411 3857 71 33 and
2502 3855 231 43 enterprise,
2752 3865 45 22 an
2811 3855 154 33 ascend-.

1617 3919 90 35 ancy
1723 3919 90 24 over
1826 3907 79 35 that
1918 3908 41 32 of
1975 3908 64 33 the
2055 3906 159 38 French,
2236 3906 123 33 which
2375 3905 152 43 nothing
2541 3906 63 30 but
2615 3909 103 37 great
2731 3904 233 44 superiority

1620 3956 41 34 of
1683 3957 176 34 numbers
1870 3966 50 25 an
1935 3957 97 33 their
2053 3961 84 40 part
2156 3956 80 33 will
2256 3960 63 38 get
2339 3954 60 33 the
2414 3954 120 33 better
2554 3953 52 33 of.

1663 4005 81 34 The
1765 4006 187 33 diversion
1967 4005 107 33 made
2088 4006 48 41 by
2154 4013 71 24 our
2239 4002 124 34 march
2381 4013 44 21 on
2445 4002 187 43 Sahagun,
2649 3999 142 44 though
2807 4004 37 28 at
2857 4006 105 34 great

1617 4054 73 32 risk
1714 4062 38 25 to
1770 4048 211 45 ourselves;
1994 4052 64 33 has
2078 4054 89 32 been
2184 4051 184 44 complete
2383 4063 11 27 ;
2425 4050 27 33 it
2469 4050 156 33 remains
2639 4054 39 27 to
2695 4048 45 33 be
2759 4059 80 22 seen
2862 4048 99 35 what

1615 4101 208 45 advantage
1841 4102 63 33 the
1920 4101 201 44 Spaniards
2140 4102 35 31 in
2194 4100 64 33 the
2280 4100 111 34 South
2413 4098 79 33 will
2509 4098 45 32 be
2571 4098 85 32 able
2675 4101 38 28 to
2733 4097 89 33 take
2839 4097 41 34 of
2906 4098 26 31 it
2950 4111 12 27 ;

1617 4149 63 32 but
1698 4150 61 32 the
1781 4149 124 35 march
1926 4149 44 33 of
1984 4149 63 33 the
2068 4148 144 35 French
2233 4157 46 24 on
2302 4146 171 46 Badajoz
2493 4155 76 24 was
2597 4144 158 45 stcpped
2785 4144 102 33 when
2919 4146 46 33 its

1615 4198 189 34 advanced
1821 4198 113 44 guard
1957 4196 71 34 had
2050 4196 155 33 reached
2226 4195 203 34 Talaveira
2447 4195 45 33 de
2522 4196 38 32 la
2593 4194 132 41 Reine,
2751 4193 71 37 and
2846 4204 117 35 every

1615 4245 104 44 thing
1731 4245 215 46 dispmable
1967 4247 30 31 is
2014 4256 83 22 now
2117 4244 131 35 turned
2264 4244 34 34 in
2315 4244 70 34 this
2400 4243 198 35 direction.

1663 4293 84 34 The
1765 4294 86 44 only
1876 4300 79 38 part
1977 4293 47 33 of
2052 4294 60 33 the
2143 4293 113 41 Army
2278 4292 124 34 which
2422 4292 65 34 has
2507 4293 89 31 been
2616 4290 167 34 hitherto
2800 4291 158 45 cng,a.-ed

1619 4342 89 33 aith
1730 4342 61 32 the
1811 4352 149 31 enemy,
1980 4341 65 33 has
2065 4343 89 32 been
2173 4346 61 28 Or;
2254 4341 169 43 cavalry,
2453 4339 72 33 and
2556 4339 30 33 it
2609 4341 27 32 is
2667 4339 219 44 ImpoiFible
2902 4336 61 37 tor

3141 79 7 25 1

3194 3139 9 48 ,~

3226 3198 4 4 .

3196 3191 5 17 r
