3201 4429
1095 157 150 70 THE
1278 157 371 70 14ATIONAL
1685 162 381 64 REGISTEIt:

0 0 6 27 I

239 309 67 34 the
324 308 123 34 words
464 306 45 35 of
523 317 67 26 one
608 307 45 35 of
680 318 69 25 oar
776 315 90 27 most
886 309 200 34 illustrious
1106 311 157 43 writers,
1289 318 65 25 can
1372 309 105 34 teach
1498 311 61 32 tt.e

242 365 168 46 passions
429 373 39 26 to
485 374 107 25 move
607 370 41 30 at
661 363 64 38 the
739 365 190 37 command
946 364 44 35 of
1007 369 133 33 virtue.
1193 363 125 38 Hence
1330 365 58 39 his
1411 374 103 26 name
1534 365 24 33 i,:

244 420 202 47 betnanely
463 420 165 37 enrolled
644 433 133 34 among
793 423 64 34 the
881 423 119 45 really
1019 424 174 34 valuable
1209 423 174 34 members
1402 422 43 33 of
1465 431 97 24 more

244 480 92 35 than
352 490 69 25 one
437 480 46 34 of
511 480 105 34 those
635 480 278 46 philanthropic
935 480 219 34 institutions
1172 478 119 35 which
1310 478 122 34 reflect
1455 480 107 33 lustre

248 548 48 25 on
330 547 71 25 our
429 536 217 46 Metropolis
660 549 13 27 ;
709 536 78 34 and-
810 537 125 40 hence,
961 542 78 37 ton,
1069 536 44 34 he
1147 537 30 33 is
1204 536 222 44 continually
1446 533 118 37 called

247 604 102 35 upon
369 594 168 47 publicly
552 600 37 27 to
604 593 109 47 plead
730 593 63 35 the
810 604 106 25 cause
932 593 44 35 of
989 595 60 33 the
1063 592 158 37 afflicted
1237 593 71 34 and
1323 592 170 33 destitute
1508 591 59 33 !

250 650 26 38 I
291 651 89 44 find,
407 651 92 35 from
519 656 154 40 edi.ntry
687 652 231 44 newspapers
939 648 119 37 which
1074 648 243 46 actideotally
1333 657 104 27 came
1459 647 110 34 under

250 719 64 34 my
334 710 222 46 inspection,
596 710 83 34 that
710 710 116 33 about
857 707 64 34 the
947 707 135 34 middle
1111 706 44 34 of
1183 707 69 33 last
1280 706 180 40 October,
1496 706 71 32 Mr.

257 768 141 43 Yates,
426 768 85 35 who
531 767 70 34 had
625 765 87 35 then
726 775 92 35 gone
834 770 41 30 to
891 765 58 33 the
974 765 157 33 sea-side
1161 764 38 35 in
1230 770 103 40 quest
1359 762 45 35 of
1431 762 139 39 health,

259 824 201 44 Collected,
485 826 50 45 by
567 833 122 26 means
720 822 44 35 Of
787 823 146 34 varidus
957 831 155 26 sermons
1144 821 178 46 preached
1356 820 48 45 by
1434 819 73 35 him
1539 819 34 33 in

257 882 187 46 Brighton
461 882 71 34 and
553 882 44 34 its
614 880 174 45 vicinity,
806 880 63 34 the
887 891 74 24 sum
979 879 41 34 of
1031 880 98 35 2421.
1157 891 45 22 on
1215 878 126 34 behalf
1354 876 44 33 of
1406 875 59 34 the
1480 875 100 34 Deaf

256 940 74 37 and
366 939 124 37 Dumb
507 938 195 43 Children,
724 935 181 37 educated
932 937 25 41 in
957 937 13 41 .
994 935 59 34 the
1072 935 154 45 Asylum
1253 939 38 30 at
1318 931 257 45 Bermondsey.

257 997 85 38 The
357 994 253 37 contribution
638 998 41 30 at
696 994 63 33 the
780 991 143 47 Chapel
943 992 139 46 Royal,
1106 994 40 32 at
1166 990 189 44 Brighton,
1384 987 191 35 amounted

257 1061 41 30 to
322 1051 92 39 1881.
430 1065 11 31 ;
467 1052 85 43 and,
580 1048 31 38 It
643 1051 31 34 is
699 1049 133 44 added,
860 1050 81 34 that
957 1049 64 34 the
1049 1046 211 41 collection,
1284 1051 40 30 at
1342 1045 71 34 this
1431 1043 145 46 chapel,

261 1111 74 35 had
352 1121 47 26 on
422 1115 52 31 no
503 1108 145 37 similar
664 1106 169 38 occasion
861 1106 185 35 exceeded
1070 1106 93 34 1001.
1214 1106 119 33 There
1354 1103 32 33 is
1411 1094 168 43 likewise

261 1178 86 26 now
365 1167 129 37 before
519 1176 57 25 me
599 1176 26 24 a
641 1165 164 41 Sermon,
834 1162 181 47 preached
1042 1169 41 27 at
1111 1163 63 32 the
1195 1155 242 47 Anniversary
1455 1157 43 33 of
1519 1157 60 33 the

265 1215 129 57 Royal
426 1222 170 38 Humant
632 1222 167 44 Society,
824 1231 47 25 on
901 1220 63 34 the
985 1209 84 46 llith
1097 1218 45 35 of
1169 1218 123 46 April,
1329 1204 103 52 1801,
1460 1214 119 34 which

265 1284 91 37 does
371 1281 89 46 high
480 1281 120 34 credit
614 1287 38 27 to
670 1279 61 35 the
748 1278 154 45 feelings
917 1276 67 35 and
1002 1277 130 34 talents
1152 1276 43 33 of
1208 1276 67 33 this
1293 1273 191 46 preacher.

312 1367 83 35 The
412 1375 98 27 same
528 1362 208 38 charitable
754 1359 332 46 indefatigability,
1111 1357 60 35 the
1185 1367 96 25 same
1297 1355 111 46 spirit
1424 1354 40 33 of
1472 1352 110 44 going

265 1426 117 37 about
413 1422 111 45 doing
556 1420 112 46 good,
694 1419 104 46 early
817 1415 159 46 engaged
1007 1416 73 34 Mr.
1100 1415 119 35 Yates
1237 1414 33 34 in
1289 1411 208 46 promoting
1524 1409 60 33 the

265 1480 279 38 establishment
570 1478 46 34 of
641 1476 60 33 the
736 1476 169 43 Literary
927 1472 129 43 Fund;
1093 1470 43 35 of
1161 1470 119 34 which
1298 1468 136 43 society
1452 1466 45 34 he
1524 1465 61 33 has

266 1539 89 45 long
369 1535 155 37 evinced
537 1533 151 35 himself
705 1532 94 45 truly
819 1530 194 37 estimable
1028 1540 39 24 as
1085 1539 25 25 a
1126 1528 174 40 member,
1323 1524 73 37 and
1414 1525 30 33 is
1457 1527 39 30 al
1512 1522 74 33 this

266 1598 94 34 time
376 1606 71 25 one
459 1594 44 35 of
522 1594 46 33 its
586 1592 231 35 Treasurers.

317 1681 21 35 I
350 1681 99 35 have
463 1677 177 38 adverted
658 1681 38 31 to
720 1672 64 37 the
803 1670 97 38 rank
918 1670 123 35 which
1065 1668 72 37 this
1156 1667 211 35 Gentleman
1382 1663 154 35 sustains
1552 1661 35 35 in

270 1739 66 35 the
352 1737 119 37 world
500 1736 45 34 of
572 1737 148 34 letters.
767 1731 72 35 His
865 1726 182 39 Monastic
1076 1726 157 44 History
1258 1723 44 34 of
1320 1723 56 34 St.
1398 1719 191 37 Edmund's

273 1795 122 45 Bury,
406 1804 132 38 proves
552 1792 91 35 with
660 1793 99 35 what
767 1788 142 47 justice
919 1785 43 34 he
971 1783 105 35 bears
1085 1782 63 34 the
1157 1780 207 37 distinction
1377 1779 43 34 of
1431 1781 86 34 F.S.
1526 1775 63 34 A.:

283 1851 118 35 while
419 1851 46 34 he
483 1850 64 35 has
563 1848 163 46 recently
739 1841 203 48 circulated
969 1838 194 53 proposals
1173 1835 60 37 for
1248 1835 223 46 publishing,
1483 1835 110 40 undtr

274 1909 66 35 the
352 1915 203 39 patronage
581 1906 46 34 of
656 1905 63 39 the
737 1902 89 39 Eat!
853 1900 44 33 of
922 1897 230 39 Chichester,
1178 1894 13 20 '
1211 1892 172 35 Memoirs
1398 1891 43 35 of
1463 1890 130 37 Public

272 1965 214 38 Charities:
513 1974 46 25 an
579 1959 208 39 Historical
806 1954 234 39 Illustration
1051 1954 45 33 of
1106 1952 65 34 the
1186 1950 133 45 origin,
1337 1946 257 47 progress,and

276 2028 151 43 present
454 2027 96 31 state
580 2020 50 37 of
650 2020 65 35 the
744 2014 220 40 Charitable
990 2010 228 35 Institutions
1243 2009 35 33 in
1302 2007 70 35 and
1388 2006 137 35 around
1535 2006 59 33 the

269 2080 119 37 Cities
420 2078 46 37 of
481 2078 151 37 London
656 2076 71 35 and
757 2070 278 39 Westminster;
1064 2066 90 38 with
1173 2065 202 35 Historical
1395 2062 203 35 Anecdotes

278 2137 230 38 illustrative
523 2135 46 35 of
589 2134 99 34 their
702 2128 194 39 beneficial
911 2126 137 41 effects,
1072 2122 72 37 and
1165 2119 262 50 Biographical
1452 2118 148 37 Notices

273 2194 50 35 of
343 2194 65 35 the
426 2193 206 40 Founders,
648 2194 94 30 most
757 2187 126 34 active
909 2184 240 45 Supporters,
1162 2177 70 38 and
1247 2176 103 39 chief
1367 2174 234 38 Benefactors

274 2250 48 35 of
343 2250 64 35 the
438 2248 143 37 several
609 2241 273 43 Institutions?'
908 2241 60 34 He
994 2239 33 34 is
1054 2235 181 48 perfectly
1248 2232 177 47 qualified
1450 2231 59 35 for
1530 2232 72 34 this

276 2306 209 43 laborious,
517 2304 85 44 but,
634 2302 35 37 if
692 2301 94 45 fully
803 2293 293 56 accomplished,
1123 2290 118 37 useful
1269 2289 72 37 and
1372 2287 229 38 meritorious

274 2362 263 45 undertaking.

381 2430 80 37 The
496 2430 126 37 whole
659 2427 85 34 task
774 2422 46 37 of
852 2420 198 38 education
1074 2422 45 32 at
1147 2417 65 37 the
1234 2413 217 47 university,
1479 2413 125 47 public

278 2485 162 43 Schools,
457 2486 152 46 private
643 2481 181 40 families,
839 2478 72 35 and
944 2477 37 33 in
1003 2474 144 45 foreign
1162 2472 135 35 travels
1310 2469 172 38 devolves
1505 2479 99 35 upon

281 2545 65 34 the
363 2543 141 46 clergy.
554 2543 35 35 A
607 2546 104 39 great
743 2545 83 40 part
844 2535 45 35 of
917 2533 63 34 the
1010 2532 195 33 literature
1231 2528 45 35 of
1293 2528 100 35 their

283 2601 89 37 adds
387 2600 63 35 the
468 2598 221 45 Edinburgh
732 2595 198 37 Reviewer
961 2590 125 35 whom
1120 2587 21 35 I
1168 2585 93 35 have
1272 2583 156 46 already
1454 2580 151 48 quoted,

286 2653 30 25 44
335 2657 30 34 is
379 2657 40 33 in
437 2655 99 35 their
759 2652 92 44 May
869 2648 104 34 there
989 2655 110 24 never
1115 2644 45 33 be
1175 2641 158 44 wanting
1345 2640 207 44 clergymen
1569 2644 39 27 to

288 2713 204 35 undertake
511 2712 59 35 the
580 2708 196 37 education
785 2706 44 37 of
839 2715 70 25 our
921 2701 112 47 youth
1054 2712 12 30 ;
1087 2696 73 38 and
1169 2708 81 34 may
1311 2696 64 34 the
1393 2694 120 35 whole
1526 2694 81 34 task

289 2769 47 38 of
605 2766 171 37 continue
789 2761 61 37 for
859 2770 90 26 ever
1020 2757 37 35 in
1071 2756 99 35 their
1375 2751 235 35 Lamentable

289 2826 84 35 *ill
392 2826 46 33 be
454 2825 64 34 the
528 2829 94 31 state
635 2822 44 37 of
689 2820 135 35 morals
840 2826 131 33 among
981 2824 54 33 us,
1050 2812 34 34 if
1088 2820 87 26 ever
1186 2820 70 35 any
1272 2807 168 38 essential
1465 2806 148 46 portion

296 2880 33 25 gi
346 2884 45 34 of
403 2883 64 35 the
491 2882 85 37 task
589 2881 45 35 of
878 2875 30 35 is
919 2869 220 39 transferred
1153 2867 93 37 from
1264 2867 60 35 the
1339 2867 125 44 clergy
1481 2863 45 35 of
1545 2872 66 26 our

294 2947 174 39 Country.

345 3012 54 35 As
413 3017 39 28 to
526 3008 63 35 the
600 3007 195 35 literature
811 3004 45 35 of
881 3001 98 34 their
1221 2994 30 34 it
1277 2992 31 34 is
1320 2989 158 37 another
1489 2998 130 28 source

300 3069 46 37 of
366 3065 234 38 satisfaction
630 3069 40 30 to
704 3072 56 25 me
793 3061 105 33 when
928 3058 19 34 I
972 3066 59 25 am
1049 3052 79 37 told
1144 3050 81 37 that
1328 3052 104 41 great
1580 3044 41 35 of

299 3125 76 34 this
407 3123 78 37 also
618 3120 38 34 in
684 3118 63 35 the
945 3113 44 34 of
1006 3107 254 41 ecclesiastics.
1311 3103 46 37 In
1387 3100 100 37 what
1512 3100 109 35 other

524 3176 111 38 could
648 3177 30 34 it
699 3176 47 34 be
762 3185 39 24 so
817 3171 157 46 eligibly
992 3167 131 50 placed
1136 3165 12 34 ?
1178 3164 21 35 I
1217 3162 109 43 wish,
1348 3159 53 34 let
1420 3169 54 24 me
1492 3158 129 45 boldly

304 3239 142 38 confess
475 3237 53 43 it,
556 3235 84 35 that
670 3242 91 27 even
793 3240 103 26 more
926 3227 43 39 of
1003 3234 69 26 our
1095 3223 193 34 literature
1315 3227 76 26 was
1420 3214 112 35 under
1563 3216 60 32 the

305 3292 331 50 superintendence
659 3288 46 35 of
725 3299 69 26 our
811 3287 141 45 clergy.
1004 3282 38 35 It
1069 3281 30 34 is
1131 3276 182 48 pleasing,
1328 3274 32 35 it
1385 3274 31 33 is
1447 3270 171 45 seriously

305 3348 211 53 gratifying
528 3356 37 27 to
583 3357 72 34 me,
676 3346 123 41 when,
811 3356 43 24 as
869 3344 35 33 in
914 3343 61 33 the
985 3340 159 35 instance
1156 3333 47 35 of
1208 3333 61 35 the
1286 3332 93 34 Rev.
1398 3327 72 37 Mr.
1491 3326 135 43 Yates,

306 3410 21 37 I
350 3407 172 47 perceive
544 3406 209 44 clergymen
767 3397 279 45 commendably
1070 3389 194 40 interested
1281 3389 35 34 in
1331 3389 64 33 the
1407 3384 220 37 cultivation

307 3467 48 38 of
373 3467 210 39 literature,
607 3470 73 35 puu
720 3457 304 44 demonstrating,
1055 3452 53 46 by
1142 3450 63 34 the
1239 3443 235 50 productions
1504 3441 45 35 of
1569 3438 59 37 the

306 3526 126 45 study,
451 3522 87 37 that
548 3522 100 35 their
663 3519 136 38 mental
813 3515 141 37 ardour
963 3513 86 34 does
1064 3513 64 32 not
1144 3510 198 40 evaporate
1358 3503 34 34 in
1406 3502 63 34 the
1480 3500 122 47 pulpit
1619 3513 11 28 ;

308 3583 69 34 but
394 3583 98 39 that,
520 3576 266 45 familiarising
806 3570 215 39 themselves
1043 3563 40 39 lo
1115 3560 227 41 intellectual
1364 3557 71 35 and
1462 3557 171 35 laudable

308 3640 189 41 exertion,
509 3638 89 44 they
617 3645 106 35 carry
739 3632 91 37 with
849 3630 112 40 them,
979 3627 78 34 into
1072 3631 115 35 every
1205 3619 229 44 department
1448 3614 43 34 of
1501 3612 113 38 useful-

309 3707 96 32 ness,
438 3696 106 35 those
568 3691 274 50 qitalifitations
862 3683 141 44 which,
1033 3679 158 40 without
1218 3672 228 48 improperly
1469 3669 149 39 interfer-

314 3759 61 43 ire;
394 3757 93 35 with
504 3756 99 35 their
615 3754 207 46 legitimate
840 3746 76 38 and
932 3742 131 48 higher
1075 3738 177 48 pursuits,
1269 3735 131 38 render
1413 3733 98 34 them
1532 3732 106 35 berme

312 3817 107 39 icial
431 3819 72 35 and
516 3816 156 47 eligible
685 3814 213 38 characters
922 3807 35 35 in
972 3806 132 35 human
1114 3801 157 43 society.

367 3892 59 39 Of
446 3893 76 37 this
550 3891 113 38 order
692 3889 44 35 of
755 3886 213 38 excellence
1002 3883 28 33 is
1059 3878 78 35 Mr.
1153 3873 135 37 Yates.
1341 3866 202 40 Estimable
1558 3873 41 28 as
1622 3872 22 26 a

317 3952 203 48 Oreaciter,
530 3951 72 38 and
621 3945 194 50 approved
833 3956 41 26 as
891 3956 22 24 a
941 3941 164 37 scholar,
1126 3935 46 33 he
1201 3933 27 35 is
1246 3931 77 34 also
1338 3922 231 48 extensively
1591 3931 38 38 rc-

318 4009 157 48 epected,
503 4018 41 28 as
570 4018 26 25 a
619 4017 107 30 man;
750 4003 72 37 and
854 4002 115 35 while
1000 3998 45 34 he
1071 3997 27 33 is
1120 3987 211 50 applauded
1361 3985 58 35 for
1448 3983 57 35 his
1524 3979 123 48 public

319 4071 141 38 talents
467 4070 73 38 and
556 4069 254 39 attainments,
843 4062 46 37 he
909 4063 45 40 is,
974 4058 33 35 if
1033 4052 176 52 possible,
1237 4048 76 38 still
1331 4056 100 26 more
1448 4041 132 39 valued
1594 4039 59 34 for

322 4129 107 37 those
448 4130 150 45 private
622 4127 139 35 virtues
780 4119 124 40 which
926 4123 91 32 tnost
1038 4108 210 48 eesentiaily
1269 4106 161 38 conduce
1444 4107 38 31 to
1499 4100 63 35 the
1577 4108 51 25 sum

322 4188 48 38 4f
389 4191 152 47 general
555 4189 216 46 happiness.

489 4260 60 47 14,

1391 4235 220 38 Oxxszmus.

1898 304 236 39 CAUTION
2169 302 69 34 TO
2263 300 110 35 TIlk:
2402 293 247 40 READER!

2851 154 70 51 45

1675 376 51 35 *
1788 372 60 34 ON
1861 380 60 25 E'.l
1964 379 46 25 vs
2029 369 176 35 considers
2235 361 152 38 himself
2407 359 249 43 immediately
2672 356 71 35 and
2757 353 170 43 indispet-

1625 424 90 45 sibl3
1736 425 112 34 called
1870 436 94 33 upon
1985 432 34 24 to
2043 428 150 40 protest,
2213 426 33 30 in
2262 422 59 33 the
2342 428 89 26 most
2447 417 162 44 explicit
2621 420 163 28 manner,
2799 407 149 46 against

1631 484 58 31 .he
1704 483 221 43 assumption
1943 480 44 33 of
2008 480 60 33 the
2085 482 194 41 Signature
2296 474 168 37 attached
2485 480 38 27 to
2542 471 170 43 Popular
2730 465 221 38 Preachers,

1630 540 46 41 by
1693 539 64 32 the
1769 547 220 33 anonymous
2011 536 144 34 Author
2186 534 44 34 of
2256 542 76 24 two
2363 531 172 38 volumes,
2571 535 89 34 very
2693 521 164 44 recently
2882 517 57 34 ad-
2939 517 19 34 .

1633 594 169 40 vcrtised,
1811 593 149 34 entitled
2006 593 182 33 LETTERS
2202 591 162 40 onGuillg
2378 587 71 33 and
2461 583 189 44 iteligiuus
2666 579 177 43 Sultiectg,
2862 574 89 38 U.;

1630 652 155 41 shelving
1812 651 57 31 the
1898 648 188 45 difference
2107 648 148 33 between
2283 650 78 30 true
2396 643 227 39 ChriNtanity
2657 635 72 35 and
2759 633 178 48 Religious
2937 633 20 48 .

1641 710 190 41 .Ipostary,
1851 705 67 34 &c.
1950 706 44 32 Bs
2021 705 59 33 Os
2095 702 178 35 csistus.'
2310 702 117 32 These
2446 698 164 33 volumes
2620 703 64 25 are
2701 691 79 35 also
2792 685 162 46 artfully

1636 761 226 47 represented
1879 772 39 21 as
1935 762 107 40 being
2059 759 193 45 published
2274 759 46 41 by
2343 761 155 38 request.

1682 819 90 33 This
1787 817 118 44 paltry
1928 816 209 44 expedient,
2156 826 44 24 on
2217 813 61 35 the
2300 819 81 38 part
2396 810 39 33 of
2447 810 60 32 the
2522 797 148 44 Author
2681 800 45 39 of
2735 802 63 35 the
2815 801 119 34 above-

1637 874 203 34 mentioned
1861 880 73 26 two
1954 872 174 40 volumes;
2158 880 37 24 to
2211 869 150 45 acquire
2378 866 57 33 for
2454 862 151 34 himself
2619 860 124 46 public
2757 857 204 39 attention,

1641 932 148 41 betrays
1804 930 102 33 alike
1933 928 54 33 his
2006 926 85 35 owd
2112 928 182 33 Meanness
2310 921 69 35 mid
2415 922 64 33 the
2497 917 230 46 superiority
2754 913 44 34 of
2810 913 66 33 the
2898 911 40 34 in-

1633 986 168 50 dividual
1820 986 119 32 whose
1965 984 157 44 popular
2137 983 182 41 signature
2339 978 63 33 has
2427 977 92 33 been
2536 985 39 22 SO
2591 969 286 44 unkandbouiely
2891 974 47 37 ap-

1643 1041 213 48 propriated
1873 1042 48 44 by
1941 1041 89 32 him.
2083 1041 64 32 Let
2167 1037 73 33 him
2258 1036 119 44 plume
2406 1029 149 38 himself
2565 1029 33 32 if
2622 1028 44 32 he
2680 1022 193 43 can,after
2885 1020 79 34 this

1641 1100 163 39 caution,
1820 1108 97 33 upon
1951 1096 56 33 his
2036 1094 123 46 pitiful
2179 1093 206 40 dishonesty
2404 1088 8 33 !
2469 1085 50 41 If,
2552 1085 188 35 however,
2774 1080 59 32 the
2867 1077 74 44 pub-

1641 1156 130 34 lishers
1782 1153 41 34 of
1835 1153 98 34 these
1951 1152 157 33 volumes
2133 1159 65 25 are
2228 1147 111 41 really
2365 1141 226 46 respectable
2608 1136 246 40 booksellers,
2872 1131 92 43 they

1645 1212 79 35 will
1739 1222 45 22 no
1799 1211 125 44 longer
1936 1213 244 30 countenance
2203 1204 73 33 this
2293 1202 156 41 literary
2469 1194 233 48 imposition.

2683 1248 235 34 ONSSIXIIIII.

1880 1406 444 41 ECCLESIASTICAL
2352 1394 376 45 PROMOTIONS.

1695 1478 83 35 The
1789 1478 112 45 Right
1923 1478 96 32 lion.
2040 1476 99 33 Anne
2156 1469 200 38 Elizabeth
2378 1466 200 39 Christine,
2589 1462 174 34 Countess
2778 1456 190 43 Dowarr
2994 1468 7 6 -

1649 1526 44 35 of
1707 1527 175 38 Athlone,
1910 1524 63 33 has
1990 1522 87 33 been
2096 1519 144 46 pleased
2258 1524 39 27 to
2311 1515 158 46 appoint
2491 1513 63 33 the
2588 1509 93 33 Rev.
2704 1509 38 30 S.
2767 1505 43 34 P.
2833 1504 115 33 Stock-

1651 1574 97 40 ford,
1770 1574 40 32 B.
1835 1571 45 35 D.
1900 1571 132 34 Rector
2050 1569 40 34 of
2104 1569 53 33 St.
2178 1563 180 43 Aldate's,
2378 1563 35 33 in
2431 1558 168 38 Oxford,
2616 1561 39 28 to
2674 1556 47 33 be
2735 1554 63 33 her
2812 1551 133 35 Domes-

1652 1622 48 33 tic
1719 1619 197 44 Chaplain.

1704 1667 241 44 Wednesday,
1964 1663 63 34 the
2042 1659 63 37 4th
2119 1659 83 34 inst.
2216 1658 64 35 the
2296 1655 189 37 .Associate
2504 1648 275 48 Congregation
2791 1645 45 35 of
2850 1645 122 40 Stow.

1650 1726 93 34 gave
1759 1726 45 22 an
1821 1711 208 35 unanimous
2044 1709 70 34 call
2128 1711 37 30 to
2181 1708 60 32 the
2264 1706 92 33 Rev.
2380 1706 72 32 Mr.
2472 1702 170 37 Lawson,
2662 1694 221 37 Galashiels.

1702 1765 70 32 Mr.
1796 1761 137 34 Robert
1952 1760 92 37 Gee,
2068 1756 39 33 B.
2124 1755 50 34 A.
2202 1752 45 35 of
2259 1750 155 41 Queen's
2431 1749 157 41 college,
2616 1744 28 33 is
2673 1742 142 35 elected
2839 1750 25 24 a
2888 1737 65 35 Fel-

1654 1811 72 33 low
1744 1809 44 33 of
1804 1806 197 37 Catharine
2021 1804 89 33 hall.

1701 1856 80 35 The
1802 1856 91 34 Rev.
1909 1852 103 34 John
2026 1852 138 39 James.,
2181 1847 58 34 M.
2257 1847 47 33 A.
2336 1844 143 34 Fellow
2506 1840 44 34 of
2580 1840 59 33 St.
2653 1834 131 37 John's
2813 1833 163 46 college.

1656 1903 162 41 Oxford,
1851 1903 28 32 is
1912 1899 138 34 elected
2076 1900 191 31 Grammar
2298 1893 138 33 Master
2469 1889 46 34 of
2541 1889 64 32 the
2633 1884 94 35 Free
2757 1881 155 33 Schools
2933 1887 44 26 at

1656 1954 94 40 Chi;
1755 1951 99 39 well,
1872 1949 35 33 in
1929 1946 131 40 Essex,
2089 1943 85 34 void
2202 1944 47 43 by
2280 1941 64 34 the
2378 1936 220 46 resignation
2624 1932 44 34 of
2695 1932 61 33 the
2787 1929 94 34 Rev.
2906 1928 71 34 Dr.

1662 2000 190 35 Freeman.

1706 2046 83 35 The
1806 2046 91 33 Rev.
1913 2039 99 38 John
2029 2039 119 34 Salter
2164 2037 31 33 is
2212 2031 188 39 instituted
2414 2039 37 27 to
2466 2031 61 34 the
2541 2029 184 40 Vicarage
2743 2022 237 40 orStralton,

1663 2095 56 34 St.
1740 2093 197 41 Margaret,
1962 2087 125 34 Wilts.

1709 2140 80 35 The
1808 2139 93 34 Rev.
1920 2135 46 34 R.
1993 2134 97 33 Buch
2109 2130 216 39 Matthews,
2356 2126 53 35 M.
2428 2125 45 35 B.
2502 2124 66 34 has
2596 2122 92 32 been
2722 2115 189 38 instituted
2940 2120 44 28 to

1663 2189 63 34 the
1746 2187 182 41 Vicarage
1943 2181 43 34 of
2019 2179 177 39 Vesthall,
2216 2178 35 33 in
2269 2176 158 39 Suffolk,
2456 2183 46 25 on
2519 2172 61 33 the
2602 2167 249 47 presentation
2863 2161 120 37 oldie

1668 2236 106 37 Dean
1788 2232 67 34 and
1872 2232 167 41 Chapter
2054 2228 41 32 of
2108 2224 193 35 Norwich.

1711 2281 80 35 The
1817 2280 109 34 Duke
1941 2274 45 38 of
2006 2274 177 35 Clarence
2211 2272 63 33 has
2296 2265 202 47 appointed
2518 2264 61 34 the
2600 2263 97 34 Rev.
2717 2259 110 35 Peter
2849 2254 138 39 Wantl,

1670 2328 98 37 A.B.
1787 2327 43 34 of
1851 2326 103 34 Oriel
1970 2322 167 43 College,
2161 2317 167 40 Oxford.,
2356 2324 38 26 to
2417 2316 43 31 be
2477 2321 70 24 one
2563 2309 45 35 of
2631 2309 57 33 his
2721 2307 122 41 1t.0.1
2864 2306 30 31 1;
2908 2304 81 41 igh-;

1663 2375 111 38 mess's
1785 2372 174 38 domestic
1975 2366 217 47 Chaplains.

0 0 984 70 w,.,.....-----------.,

493 70 5 72 .
1519 133 11 6 ..
3136 70 8 28 F

226 168 163 63 JAN.
432 172 79 51 IL
1095 157 52 67 S
1152 162 93 65 HE
1278 157 371 70 14ATIONAL
1685 162 305 64 REGISTER
2028 162 39 64 :
2851 154 70 51 45
3133 128 65 98 N

876 241 2 4 .
950 241 4 4 .

1695 270 14 7 ...

239 309 67 34 the
324 308 123 34 words
464 306 45 35 of
523 317 67 26 one
608 307 45 35 of
680 318 69 25 our
776 315 90 27 most
886 309 200 34 illustrious
1106 311 157 43 writers,
1289 318 65 28 can
1372 309 105 34 teach
1498 311 61 32 tte
1898 304 236 39 CIUTION
2169 302 69 34 TO
2263 300 110 35 l'Ilk:
2402 293 248 40 READER!
3133 240 59 103 S.

242 365 168 46 passions
429 373 39 26 to
485 374 107 25 move
607 370 41 30 at
661 363 64 38 the
739 365 190 37 commend
946 364 44 35 of
1007 369 133 33 virtue.
1193 363 125 38 Hence
1330 365 58 39 his
1411 374 103 26 name
1534 365 24 33 is
1675 374 84 37 **
1788 372 32 34 0
1830 381 19 24 N
1861 380 60 25 E'.l
1932 379 78 26 Sirs
2029 369 176 35 considers
2235 361 152 38 himself
2407 359 249 43 immediately
2672 356 71 35 and
2757 353 126 43 indisp
2883 353 21 43 e
2904 353 21 43 t
2926 353 21 43 -

3180 347 7 53 ..

244 420 202 47 hutnanely
463 420 165 37 enrolled
644 433 133 34 among
793 423 64 34 the
881 423 119 45 really
1019 424 174 34 valuable
1209 423 174 34 members
1402 422 43 33 of
1465 431 97 24 more
1625 424 71 45 sibl
1696 424 19 45 3
1736 425 112 34 called
1870 436 94 33 upon
1985 432 34 24 to
2043 428 150 40 protest,
2213 426 33 30 in
2262 422 59 33 the
2342 428 89 26 most
2447 417 162 44 explicit
2621 420 139 28 manner
2760 420 24 28 ,
2799 407 149 46 against
3133 422 9 30 I
3143 391 19 78 s
3164 391 5 78 m
3169 391 5 78 '

244 480 92 35 than
352 490 69 25 one
437 480 46 34 of
511 480 105 34 those
635 480 278 46 philanthropic
935 480 219 34 institutions
1172 478 119 35 which
1310 478 122 34 reflect
1455 480 107 33 luitre
1631 484 58 31 .he
1704 483 221 43 assumption
1943 480 44 33 of
2008 480 60 33 the
2085 482 194 41 Signature
2296 474 168 37 attached
2485 480 38 27 to
2542 471 170 43 Popular
2730 465 21 38 P
2751 465 200 38 reachers,

3133 480 28 39 1.,

248 548 48 25 on
330 547 71 25 our
429 536 244 46 Metropolis;
709 536 78 34 and-
810 537 125 40 hence,
961 542 78 37 ton,
1069 536 44 34 he
1147 537 30 33 is
1204 536 222 44 continually
1446 533 118 37 called
1630 540 46 41 by
1693 539 64 32 the
1769 547 220 33 ationpnous
2011 536 144 34 Author
2186 534 44 34 of
2256 542 76 24 two
2363 531 172 38 volumes,
2571 535 89 34 very
2693 521 164 44 recently
2882 517 76 34 ad-.
3169 477 4 105 .
3197 477 1 105 .

247 604 102 35 upon
369 594 168 47 publicly
552 600 37 27 to
604 593 109 47 plead
730 593 63 35 the
810 604 106 25 cause
932 593 44 35 of
989 595 60 33 the
1063 592 158 37 afflicted
1237 593 71 34 and
1323 592 170 33 destitute
1508 591 59 33 !
1633 594 169 40 vertised,
1811 593 149 34 entitled
1978 593 9 17 '
2006 593 182 33 LETTERS
2202 591 78 32 une
2319 591 26 26 I/
2438 583 90 35 litl
2666 574 168 46 Subject,
2833 574 20 46 3
2854 574 64 46 a;c

2269 602 94 28 fu,...4
2378 598 59 22 anc
2498 593 152 34 c.igiuus
2730 589 219 32 ..,

250 650 26 38 I
291 651 89 44 find,
407 651 92 35 &Om
519 656 154 40 cissntry
687 652 231 44 riewspapers
939 648 119 37 which
1074 648 243 46 actideotally
1333 657 104 27 came
1459 647 110 34 under
1630 652 155 41 shelving
1812 651 57 31 the
1898 648 188 45 difference
2107 648 148 33 between
2283 650 78 30 true
2396 643 227 39 ChriNtnnity
2657 635 72 35 and
2759 633 194 43 Religious
3135 561 32 123 lk
3167 561 15 123 ,

250 719 64 34 my
334 710 222 46 inspection,
596 710 83 34 that
710 710 116 33 about
857 707 64 34 the
947 707 135 34 middle
1111 706 44 34 of
1183 707 69 33 last
1280 706 180 40 October,
1496 706 71 32 Mr.
1641 710 190 41 dpostacy,
1851 705 67 34 &c.
1950 706 44 32 Bs
2021 705 59 33 Os
2095 712 93 25 Estm
2199 702 74 34 us.'
2310 702 117 32 These
2446 698 164 33 volumes
2620 703 64 25 are
2701 691 79 35 also
2792 685 162 46 artfully
3154 684 13 50 k
3167 684 13 50 ;

257 768 141 43 Yates,
426 768 85 35 who
531 767 70 34 had
625 765 87 35 then
726 775 92 35 gone
834 770 41 30 to
891 765 58 33 the
974 765 157 33 sea-side
1161 764 38 35 in
1230 770 103 40 quest
1359 762 45 35 of
1431 762 139 39 health,
1636 761 226 47 represented
1879 772 39 21 as
1935 762 107 40 being
2059 759 193 45 published
2274 759 46 41 by
2343 761 155 38 request.
3137 733 35 47 Pli
3172 733 12 47 t

259 824 201 44 Collected,
485 826 50 45 by
567 833 122 26 means
720 822 44 35 Of
787 823 146 34 varidus
957 831 155 26 sermons
1144 821 178 46 preached
1356 820 48 45 by
1434 819 73 35 him
1539 819 34 33 in
1682 819 90 33 This
1787 817 118 44 paltry
1928 816 209 44 expedient,
2156 826 44 24 on
2217 813 61 35 the
2300 819 81 38 part
2396 810 39 33 of
2447 810 60 32 the
2522 797 148 44 Author
2681 800 45 39 of
2735 802 63 35 the
2815 801 143 34 above-
3137 780 40 94 N

257 882 187 46 Brighton
461 882 71 34 and
553 882 44 34 its
614 880 174 45 vicinity,
806 880 63 34 the
887 891 74 24 sum
979 879 41 34 of
1031 880 98 35 2421.
1157 891 45 22 on
1215 878 126 34 behalf
1354 876 44 33 of
1406 875 59 34 the
1480 875 100 34 Deaf
1637 874 203 34 mentioned
1861 880 73 26 two
1954 872 174 40 volumes;
2158 880 37 24 to
2211 869 150 45 acquire
2378 866 57 33 for
2454 862 151 34 himself
2619 860 124 46 public
2757 857 204 39 atteutiuti,

256 940 74 37 end
366 939 124 37 Dumb
507 938 195 43 Children,
724 935 181 37 educated
932 937 63 38 in
994 935 59 34 the
1072 935 154 45 Asylum
1253 939 38 30 at
1318 931 257 45 Bermondsey.
1641 932 148 37 betrays
1804 930 102 33 alike
1933 928 54 33 his
2006 926 85 35 own
2112 925 182 37 meanness
2310 921 69 35 and
2415 922 64 33 the
2497 917 230 46 superiority
2754 913 44 34 of
2810 913 66 33 the
2898 911 59 34 in-

257 997 85 38 The
3138 867 59 109 41.

3141 930 25 30 ~,

357 994 253 37 contributinn
638 998 41 30 at
696 994 63 33 the
780 991 143 47 Chapel
943 992 139 46 Royal,
1106 994 40 32 at
1166 990 189 44 Brighton,
1384 987 191 35 amounted
1639 986 162 34 dividual
1820 986 119 32 whose
1965 984 157 44 popular
2137 983 182 41 signature
2339 978 63 33 has
2427 977 92 33 been
2536 985 39 22 so
2591 969 286 44 unhandsomely
2891 974 71 37 ap-

257 1061 41 30 to
322 1051 92 39 la/.
430 1065 11 31 ;
467 1052 85 43 and,
580 1048 31 38 It
643 1051 31 34 is
699 1049 133 44 added,
860 1050 81 34 that
957 1049 64 34 the
1049 1046 211 41 collection,
1284 1051 40 30 at
1342 1045 71 34 this
1431 1043 145 46 chapel,
1633 1031 222 58 'propriated
1873 1042 48 44 by
1941 1041 89 32 him.
2083 1041 64 32 Let
2167 1037 73 33 him
2258 1036 119 44 plume
2406 1029 149 38 himself
2565 1029 33 32 if
2622 1028 44 32 he
2680 1022 193 43 can,efter
2885 1020 79 34 this

1 1139 18 59 )
261 1111 74 35 had
352 1121 47 26 on
419 1115 54 31 no
503 1108 145 37 similar
664 1106 169 38 occasion
861 1106 185 35 exceeded
1070 1106 93 34 1001.
1214 1106 119 33 There
1354 1103 32 33 is
1411 1102 168 34 likewise
1641 1100 163 39 caution,
1820 1108 97 33 upon
1951 1096 56 33 his
2036 1094 123 46 pitiful
2179 1093 206 40 dishonesty
2404 1088 8 33 !
2469 1085 50 41 lf,
2552 1085 188 35 however,
2774 1080 59 32 the
2867 1077 98 44 pith-
3142 1089 47 70 ii

261 1178 86 26 now
365 1167 129 37 before
519 1176 57 25 me
599 1176 26 24 a
641 1165 164 41 Sermon,
834 1162 181 47 preached
1042 1169 41 27 at
1111 1163 63 32 the
1195 1155 242 47 Anniversary
1455 1157 43 33 of
1519 1157 60 33 the
1641 1156 130 34 fishers
1782 1153 41 34 of
1835 1153 98 34 these
1951 1152 157 33 volumes
2133 1159 65 25 are
2228 1147 111 41 really
2365 1141 226 46 respectable
2608 1136 246 40 booksellers,
2872 1131 92 43 they

265 1215 129 57 Royal
426 1222 170 38 Humana
632 1222 167 44 Society,
824 1231 47 25 on
901 1220 63 34 the
985 1217 84 39 lath
1097 1218 45 35 of
1169 1218 123 46 April,
1329 1217 103 39 1807,
1460 1214 119 34 which
1645 1212 79 35 will
1739 1222 45 22 no
1799 1211 125 44 longer
1936 1213 244 30 countenance
2203 1204 73 33 this
2293 1202 156 41 literary
2469 1194 233 48 imposition.

265 1284 91 37 does
371 1281 89 46 high
480 1281 120 34 credit
614 1287 38 27 to
670 1279 61 35 the
748 1278 154 45 feelings
917 1276 67 35 and
1002 1277 130 34 talents
1152 1276 43 33 of
1208 1276 67 33 this
1293 1273 191 46 preacher.
2683 1248 235 34 ONSSIMUS.

2202 1333 208 13 .---,-,-......

312 1367 83 35 The
412 1375 98 27 same
528 1362 208 38 charitable
754 1359 332 46 indefatigability,
1111 1357 60 35 the
1185 1367 96 25 same
1297 1355 111 46 spirit
1424 1354 40 33 of
1472 1352 110 44 going

265 1426 117 37 about
413 1422 111 45 doing
556 1420 112 46 good,
694 1419 104 46 early
817 1415 159 46 engaged
1007 1416 73 34 Mr.
1100 1415 119 35 Yates
1237 1414 33 34 in
1289 1411 208 46 promoting
1524 1409 60 33 the
1880 1406 444 41 ECCLESIASTICAL
2352 1394 376 45 PROMOTIONS.

265 1480 279 38 establishment
570 1478 46 34 of
641 1476 60 33 the
736 1476 169 43 Literary
927 1472 100 37 Fund
1043 1470 92 44 ;of
1161 1470 119 34 which
1298 1468 136 43 society
1452 1466 45 34 he
1524 1465 61 33 has
1695 1478 83 35 The
1789 1478 112 45 Right
1923 1478 96 32 lion.
2040 1476 99 33 Anne
2156 1469 200 38 Elizabeth
2378 1466 200 39 Christine,
2589 1462 174 34 Countess
2778 1456 190 43 Dowager
2994 1468 7 6 -

266 1539 89 45 long
369 1535 155 37 evinced
537 1533 151 35 himself
705 1532 94 45 truly
819 1530 194 37 estimable
1028 1540 39 24 as
1085 1539 25 25 a
1126 1528 174 40 member,
1323 1524 73 37 and
1414 1525 30 33 is
1457 1527 39 30 al
1512 1522 76 33 this
1649 1526 44 35 of
1707 1527 175 38 Athlone,
1910 1524 63 33 has
1990 1522 87 33 been
2096 1519 144 46 pleased
2258 1524 39 27 to
2311 1515 158 46 appoint
2491 1513 63 33 the
2588 1509 93 33 Rev.
2704 1509 38 30 S.
2767 1505 43 34 P.
2833 1504 137 33 Stock-

266 1598 94 34 time
376 1606 71 25 one
459 1594 44 35 of
522 1594 46 33 its
586 1592 231 35 Treasurers.
1651 1574 97 40 ford,
1770 1574 40 32 B.
1835 1571 45 35 D.
1900 1571 132 34 Rector
2050 1569 40 34 of
2104 1569 53 33 St.
2178 1563 180 43 Aldate's,
2378 1563 35 33 in
2431 1558 168 38 Oxford,
2616 1561 39 28 to
2674 1556 47 33 be
2735 1554 63 33 her
2812 1551 159 35 Domes-

1652 1622 48 33 tic
1719 1619 197 44 Chaplain.

317 1681 21 35 I
350 1681 99 35 have
463 1677 177 38 adverted
658 1681 38 31 to
720 1672 64 37 the
803 1670 97 38 rank
918 1670 123 35 which
1059 1668 78 37 ibis
1156 1667 211 35 Gentleman
1382 1663 154 35 sustains
1552 1661 35 35 in
1704 1667 241 44 Wednesday,
1964 1663 63 34 the
2042 1659 63 37 4th
2119 1659 83 34 inst.
2216 1658 64 35 the
2298 1655 187 37 Associate
2504 1648 275 48 Congregation
2791 1645 45 35 of
2850 1645 122 40 Stow,

270 1739 66 35 the
352 1737 119 37 world
500 1736 45 34 of
572 1737 148 34 letters.
767 1731 72 35 His
865 1726 182 39 Monastic
1076 1726 157 44 History
1258 1723 44 34 of
1320 1723 56 34 St.
1398 1719 191 37 Edmund's
1650 1726 93 34 gave
1759 1726 45 22 an
1821 1711 208 35 unanimous
2044 1709 70 34 call
2128 1711 37 30 to
2181 1708 60 32 the
2264 1706 92 33 Rev.
2380 1706 72 32 Mr.
2472 1702 170 37 Lawson,
2662 1694 221 37 Galashiels.

273 1795 122 45 Bury,
406 1804 132 38 proves
552 1792 91 35 with
660 1793 99 35 what
767 1788 142 47 justice
919 1785 43 34 he
971 1783 105 35 bears
1085 1782 63 34 the
1157 1780 207 37 distinction
1377 1779 43 34 of
1431 1781 86 34 F.S.
1526 1775 63 34 A.:
1702 1765 70 32 Mr.
1796 1761 137 34 Robert
1952 1760 92 37 Gee,
2068 1756 39 33 B.
2124 1755 50 34 A.
2202 1752 45 35 of
2259 1750 155 41 Queen's
2431 1749 157 41 college,
2616 1744 28 33 is
2673 1742 142 35 elected
2839 1750 25 24 a
2888 1737 86 35 Fels

1654 1811 72 33 low
1744 1809 44 33 of
1804 1806 197 37 Catharine
2021 1804 89 33 hall.

283 1851 118 35 while
419 1851 46 34 he
483 1850 64 35 has
563 1848 163 46 recently
739 1841 203 48 circulated
969 1838 194 53 proposals
1173 1835 60 37 for
1248 1835 223 46 publishing,
1483 1835 110 40 under
1701 1856 80 35 .The
1802 1856 91 34 Rev.
1909 1852 103 34 John
2026 1852 138 39 James,
2181 1847 58 34 M.
2257 1847 47 33 A.
2336 1844 143 34 Fellow
2506 1840 44 34 of
2580 1840 59 33 St.
2653 1834 131 37 John's
2813 1833 163 46 college.

274 1909 66 35 the
352 1915 203 39 patronage
581 1906 46 34 of
656 1905 63 39 the
737 1902 89 39 East
853 1900 44 33 of
922 1897 230 39 Chichester,
1178 1894 13 20 '
1211 1892 172 35 Memoirs
1398 1891 43 35 of
1463 1890 130 37 Public
1656 1903 162 41 Oxford,
1851 1903 28 32 is
1912 1899 138 34 elected
2076 1900 191 31 Grammar
2298 1893 138 33 Master
2469 1889 46 34 of
2541 1889 64 32 the
2633 1884 94 35 Free
2757 1881 155 33 Schools
2933 1887 44 26 at

272 1965 214 38 Charities:
513 1974 46 25 an
579 1959 208 39 Historical
806 1954 234 39 Illustration
1051 1954 45 33 of
1106 1952 65 34 the
1186 1950 133 45 origin,
1337 1946 257 47 progress,and
1656 1951 198 43 Chigwell,
1872 1949 35 33 in
1929 1946 131 40 Essex,
2089 1943 85 34 void
2202 1944 47 43 by
2280 1941 64 34 the
2378 1936 220 46 tesignation
2624 1932 44 34 of
2695 1932 61 33 the
2787 1929 94 34 Rev.
2906 1928 71 34 Dr.

276 2028 151 43 present
454 2027 96 31 state
580 2020 50 37 of
650 2020 65 35 the
744 2014 220 40 Charitable
990 2010 228 35 Institutions
1243 2009 35 33 in
1302 2007 70 35 and
1388 2006 137 35 around
1535 2006 59 33 the
1662 2000 190 35 Freeman.

269 2080 119 37 Cities
420 2078 46 37 of
481 2078 151 37 London
656 2076 71 35 and
757 2070 278 39 Westminster;
1064 2066 90 38 with
1173 2065 202 35 Historical
1395 2062 203 35 Anecdotes
1706 2046 83 35 The
1806 2046 91 33 Rev.
1913 2039 99 38 John
2029 2039 119 34 Salter
2164 2037 31 33 is
2212 2031 188 39 instituted
2414 2039 37 27 to
2466 2031 61 34 the
2541 2029 184 40 Vicarage
2743 2022 237 40 ofStralton,

1663 2095 56 34 St.
1740 2093 197 41 Margaret,
1962 2087 125 34 Wilts.

278 2137 230 38 illustrative
523 2135 46 35 of
589 2134 99 34 their
702 2128 194 39 beneficial
911 2126 137 41 effects,
1072 2122 72 37 and
1165 2119 262 50 Biographical
1452 2118 148 37 Notices

1709 2140 80 35 The
1808 2139 93 34 Rev.
1920 2135 46 34 R.
1993 2134 97 33 Ruch
2109 2130 216 39 Matthews,
2356 2126 53 35 M.
2428 2125 45 35 B.
2502 2124 66 34 has
2596 2122 92 32 been
2722 2115 189 38 instituted
2940 2120 44 28 to

273 2194 50 35 of
343 2194 65 35 the
426 2193 206 40 Founders,
648 2194 94 30 most
757 2187 126 34 active
909 2184 240 45 Supporters,
1162 2177 70 38 and
1247 2176 103 39 chief
1367 2174 234 38 Benefactors
1663 2189 63 34 the
1746 2187 182 41 Vicarage
1943 2181 43 34 of
2003 2179 193 39 Westhall,
2216 2178 35 33 in
2269 2176 158 39 Suffolk,
2456 2183 46 25 on
2519 2172 61 33 the
2602 2167 249 47 presentation
2863 2161 46 37 of
2919 2161 65 35 the

274 2250 48 35 of
343 2250 64 35 the
438 2248 143 37 several
609 2241 273 43 Institutions?'
908 2241 60 34 He
994 2239 33 34 is
1054 2235 181 48 perfectly
1248 2232 177 47 qualified
1450 2231 59 35 for
1530 2232 72 34 this
1668 2236 106 37 Dean
1788 2232 67 34 and
1872 2232 167 41 Chapter
2054 2228 41 32 of
2108 2224 193 35 Norwich.

276 2306 209 43 laborious,
517 2304 85 44 but,
634 2302 35 37 if
692 2301 94 45 fully
803 2293 293 56 accomplished,
1123 2290 118 37 useful
1269 2289 72 37 and
1372 2287 231 38 meritorious
1711 2281 80 35 The
1817 2280 109 34 Duke
1941 2274 45 38 of
2006 2274 177 35 Clarence
2211 2272 63 33 has
2296 2265 202 47 appointed
2518 2264 61 34 the
2600 2263 97 34 Rev.
2717 2259 110 35 Peter
2849 2254 138 39 Wood,

274 2362 263 45 undertaking.
1670 2328 98 37 A.B.
1787 2327 43 34 of
1851 2326 103 34 Oriel
1970 2322 167 43 College,
2161 2317 167 40 Oxford.,
2356 2324 38 26 to
2417 2316 43 31 be
2477 2321 70 24 one
2563 2309 45 35 of
2631 2309 57 33 his
2721 2307 122 43 It.o3ia
2864 2306 30 31 1;
2908 2304 81 41 igh-;

1663 2375 111 38 mess's
1785 2372 174 38 domestic
1975 2365 217 48 Chaplains.

381 2430 80 37 The
496 2430 126 37 whole
659 2427 85 34 task
774 2422 46 37 of
852 2420 198 38 education
1074 2422 45 32 at
1147 2417 65 37 the
1234 2413 217 47 ualversity,
1479 2413 125 47 public
1629 2409 9 45 1
2105 2426 15 5 -
2259 2420 22 15 .
2483 2422 46 7 --

278 2485 162 43 ichools,
457 2486 152 46 private
643 2481 181 40 families,
839 2478 72 35 and
944 2477 37 33 in
1003 2474 144 45 foreign
1162 2472 135 35 travels
1310 2469 172 38 devolves
1505 2479 99 35 upon

2066 2480 141 47 THE
2233 2476 339 47 THEATRE.

281 2545 65 34 the
363 2543 141 46 clergy.
554 2543 35 35 A
607 2546 104 39 great
743 2545 83 40 part
844 2535 45 35 of
917 2533 63 34 the
1010 2532 195 33 literature
1231 2528 45 35 of
1293 2528 20 35 t
1313 2528 80 35 heir
1407 2523 130 48 coustr
1537 2523 21 48 y
2372 2554 44 12 .....

283 2601 89 37 adds
387 2600 63 35 the
468 2598 221 45 Edinburgh
732 2595 198 37 Reviewer
961 2590 125 35 whom
1120 2587 21 35 I
1168 2585 93 35 have
1272 2583 66 46 alr
1338 2583 22 46 e
1361 2583 22 46 a
1383 2583 22 46 d
1406 2583 22 46 y
1454 2580 21 48 q
1475 2580 130 48 uoted,

2244 2548 130 25 .OO,

2172 2598 972 26 fl
3144 2373 15 252 t
3175 2373 14 252 4

2206 2594 276 31 Ar-.IIJRKET.

379 2657 40 33 in
437 2655 99 35 their
759 2652 92 44 May
869 2648 104 34 there
989 2655 110 24 never
1115 2644 45 33 be
1175 2641 158 44 wanting
1345 2640 207 44 clergymen
1569 2644 39 27 to

1719 2663 59 35 On
1796 2657 230 46 Wednesday
2043 2656 115 45 night,
2176 2654 59 34 for
2246 2653 65 34 the
2324 2652 79 33 first
2417 2649 89 34 time
2524 2655 58 27 we
2600 2643 146 35 believe
2761 2639 72 34 this
2852 2644 123 31 se:soo
2975 2644 21 31 ,

288 2713 204 35 undertake
511 2712 59 35 the
580 2708 196 37 education
785 2706 44 37 of
839 2715 70 25 our
921 2701 112 47 youth
1054 2712 12 30 ;
1087 2696 73 38 and
1169 2708 81 34 may
1311 2696 64 34 the
1393 2694 120 35 whole
1526 2694 81 34 task
1670 2711 66 35 the
1755 2709 112 35 Little
1883 2698 177 45 Theatre,
2076 2701 249 46 Haymarket,
2342 2695 222 37 overflowed
2582 2691 90 35 with
2691 2695 196 35 company.
2913 2680 85 37 The
3146 2683 25 48 4.,

3158 2693 26 18 ~.

3167 2709 21 32 .2
3188 2709 11 32 ,

289 2769 47 38 of
605 2766 171 37 continue
789 2761 61 37 for
859 2770 90 26 ever
974 2758 27 20 66
1020 2757 37 35 in
1071 2756 99 35 their
1375 2751 235 35 Lamentable
1675 2756 181 48 powerful
1871 2759 117 39 magne
1988 2759 24 39 t
2030 2753 76 32 that
2121 2748 181 35 atracted
2320 2745 84 35 such
2422 2741 145 37 crowds
2585 2745 38 28 to
2637 2740 78 31 that
2732 2734 115 41 lately
2867 2730 130 43 nearly

289 2826 84 35 *lll
392 2826 46 33 be
454 2825 64 34 the
528 2829 94 31 state
635 2822 44 37 of
689 2820 135 35 morals
840 2826 131 33 mow
981 2824 54 33 us,
1050 2812 34 34 if
1088 2820 87 26 ever
1186 2820 70 35 any
1272 2807 168 38 essential
1465 2806 148 46 portion
1672 2805 163 35 deserted
1856 2804 103 38 house
1958 2804 21 38 ,
2011 2810 72 24 was
2115 2802 63 30 time
2204 2792 63 48 con
2267 2792 20 48 j
2287 2792 149 48 unction
2469 2789 44 33 of
2533 2789 93 33 Mrs.
2641 2784 151 33 Siddons
2810 2779 93 35 with
2923 2776 73 37 Hr.
3176 2741 22 54 1

296 2880 33 25 et
346 2884 45 34 of
403 2883 64 35 the
491 2882 85 37 task
589 2881 45 35 of
878 2875 30 35 is
919 2869 220 39 transferred
1153 2867 93 37 from
1264 2867 60 35 the
1339 2867 125 44 clergy
1481 2863 45 35 of
1545 2872 66 26 our
1678 2850 168 46 Young's
1859 2850 126 48 genius
2013 2846 28 54 in
2041 2846 15 54 .
2078 2839 265 48 Shakespear's
2357 2833 128 83 tragedy
2485 2833 18 83 a
2503 2833 18 83 i
2520 2833 19 83 i
2539 2833 38 83 sf
2608 2830 48 80 Jlt
2656 2830 15 80 r
2672 2830 116 80 tebeth.
2824 2826 30 78 :F
2854 2826 14 78 a
2868 2826 15 78 t
2885 2833 118 71 let:
3148 2825 50 46 I,';:

1675 2898 161 35 cdleoce
1850 2888 46 43 of
1918 2894 81 37 Mrs.
2020 2893 152 34 Siddons
2187 2900 40 26 as
2245 2891 63 32 the
2324 2897 53 33 ret
2431 2911 9 7 .
2483 2896 9 22 I
2698 2878 53 32 (.a
2756 2875 20 32 n
2776 2885 21 33 y
2817 2877 40 30 M
3163 2881 26 162 ::

294 2947 174 39 Country.
3149 2903 33 41 '.,

1678 2949 30 33 is
1731 2955 61 27 too
1824 2944 84 33 well
1941 2943 135 33 known
2105 2944 38 28 to
2177 2937 149 45 require
2339 2944 69 24 an.
2430 2931 141 33 further
2589 2923 240 38 illustration,
2846 2928 59 24 we
2922 2917 80 34 wi.ll

345 3012 54 35 As
413 3017 39 28 to
526 3008 63 35 the
600 3007 195 35 literature
811 3004 45 35 of
881 3001 98 34 their
1221 2994 30 34 it
1277 2992 31 34 is
1320 2989 158 37 another
1489 2998 130 28 SWIM
1662 2965 2 83 '
1678 2993 188 38 therefore
1880 2991 138 35 confine
2035 2998 69 26 our
2120 2985 164 35 remarks
2301 2989 38 27 to
2357 2981 59 32 the
2435 2978 253 45 performance
2704 2969 44 34 of
2759 2969 70 34 Mr.
2851 2965 152 43 Young,

300 3069 46 37 of
366 3065 234 38 satisfaction
630 3069 40 30 to
704 3072 56 25 me
793 3061 105 33 when
928 3058 103 34 lam
1049 3052 79 37 told
1144 3050 81 37 that
1328 3052 104 41 great
1580 3044 41 35 of
1684 3043 100 40 who,
1812 3039 59 35 for
1891 3037 63 35 the
1970 3037 79 33 fast
2065 3035 104 40 time,
2181 3028 191 48 appeared
2404 3025 37 37 is
2472 3027 60 32 the
2567 3021 161 35 ardoous
2743 3017 196 34 character
2963 3009 45 37 of

3188 3052 11 25 ~

299 3125 76 34 this
407 3123 78 37 also
618 3120 38 34 in
684 3118 63 35 the
945 3113 44 34 of
1006 3107 254 41 ecclesiastics.
1311 3103 46 37 In
1387 3100 100 37 what
1512 3100 109 35 other
1682 3089 181 37 Macitstit
3162 3080 37 32 .l'

1731 3136 133 35 Genius
1881 3132 32 34 is
1924 3130 128 37 rather
2062 3125 162 38 checked
2248 3125 89 34 than
2353 3120 149 37 assisted
2530 3119 51 43 by
2611 3115 63 34 the
2699 3109 177 46 exfunple
2900 3104 45 38 of
2965 3106 46 33 its

524 3176 111 38 could
648 3177 30 34 it
699 3176 47 34 be
762 3185 39 24 so
817 3171 157 46 eligibly
992 3167 131 50 placed
1136 3165 12 34 ?
1178 3164 21 35 I
1217 3162 109 43 wish,
1348 3159 53 34 let
1420 3169 54 24 me
1492 3158 129 45 boldly

1689 3185 18 46 I
1707 3185 240 46 )redeeessors.
2002 3177 77 34 For
2096 3174 137 37 instead
2263 3172 44 33 of
2326 3170 154 41 bending
2494 3168 52 33 all
2567 3167 46 32 its
2639 3159 169 35 faculties
2826 3167 47 32 up
2883 3165 44 22 till
2944 3163 66 24 one

304 3239 142 38 confess
475 3237 53 43 .it,
556 3235 84 35 that
670 3242 91 27 even
793 3240 103 26 more
926 3227 43 39 of
1003 3234 69 26 our
1095 3223 57 34 lit
1152 3223 136 34 erature
1315 3227 76 26 was
1420 3214 112 35 under
1563 3216 60 32 the

1685 3231 112 40 3114te
1824 3230 120 45 point,
1963 3226 63 34 the
2053 3224 190 44 acquiring
2269 3219 172 45 superior
2454 3213 230 39 excellence,
2704 3207 28 33 it
2752 3206 30 33 is
2799 3198 210 48 compelled

0 3247 8 94 i
305 3292 331 50 superintendence
659 3288 46 35 of
725 3299 69 26 our
811 3287 141 45 clergy.
1004 3282 38 35 It
1069 3281 30 34 is
1131 3276 182 48 pleasing,
1328 3274 32 35 it
1385 3274 31 33 is
1447 3270 174 45 seriously
1689 3291 50 26 to.
1759 3278 128 34 divide
1918 3275 47 33 its
1997 3278 178 28 attention
2205 3268 71 34 and
2310 3265 151 34 weaken
2492 3263 45 32 its
2568 3265 163 39 puwers,
2757 3254 47 41 by
2826 3247 189 37 continual

305 3348 20 53 g
325 3348 191 53 ratifying
528 3356 37 27 to
583 3357 72 34 me,
676 3346 123 41 when,
811 3356 43 24 as
869 3344 35 33 in
914 3343 61 33 the
985 3340 159 35 instance
1156 3333 47 35 of
1208 3333 61 35 the
1286 3332 93 34 Rev.
1398 3327 72 37 Mr.
1491 3326 135 43 Yates,
1687 3327 124 34 etforts
1821 3332 40 30 to
1873 3320 111 37 avoid
1998 3319 196 35 imitation.
2220 3317 72 32 But
2309 3322 59 24 nom
2383 3312 84 33 only
2485 3311 44 32 its
2546 3320 18 19 e
2572 3318 20 21 x
2598 3313 53 25 ert
2659 3305 8 31 i
2674 3311 61 26 oils
2743 3309 64 26 are
2818 3295 196 44 cramped;

306 3410 21 37 I
350 3407 172 47 perceive
544 3406 209 44 clergymen
767 3397 279 45 commendably
1070 3389 194 40 interested
1281 3389 35 34 in
1331 3389 64 33 the
1407 3384 220 37 cultivation
1693 3378 46 30 its
1754 3373 97 34 fame
1865 3369 123 37 suffers
2004 3377 46 30 ma
2063 3364 103 35 small
2180 3360 222 38 diminution
2427 3357 43 34 of
2493 3359 44 31 its
2555 3356 128 34 lustre,
2700 3346 158 44 through
2884 3344 61 32 the
2965 3343 52 32 in-

307 3467 48 38 of
373 3467 210 39 literature,
607 3470 73 35 pue
720 3457 304 44 demonstrating,
1055 3452 53 46 by
1142 3450 63 34 the
1239 3443 235 50 productions
1504 3441 45 35 of
1569 3438 59 37 the
1709 3420 299 53 ustice
2008 3420 51 53 .
2059 3471 11 22 i

1833 3418 43 35 of
1889 3419 60 33 the
1967 3415 128 45 public
2108 3411 167 46 opinion.
2295 3420 28 20 w
2334 3406 84 34 hick
2435 3416 26 22 w
2472 3403 99 41 rottgl
2613 3399 162 32 believes
2791 3393 78 33 that
2888 3391 52 33 all
2960 3389 61 32 the

1694 3469 109 35 merit
1821 3474 27 26 it
1869 3472 175 39 possesses
2074 3472 14 22 s
2104 3459 71 33 due
2192 3465 37 27 to
2242 3459 64 32 the
2321 3454 102 44 study
2447 3454 27 32 it
2504 3454 63 31 has
2585 3446 105 33 made
2708 3442 43 33 of
2764 3441 64 33 the
2848 3437 123 34 works
2983 3433 41 34 of

306 3526 126 45 study,
451 3522 87 37 that
548 3522 100 35 their
663 3519 136 38 mental
813 3515 141 37 ardour
963 3513 86 34 does
1064 3513 21 32 n
1085 3513 43 32 ot
1144 3510 66 40 eva
1211 3510 21 40 p
1232 3510 111 40 orate
1358 3503 34 34 in
1406 3502 63 34 the
1480 3500 20 47 p
1500 3500 40 47 ul
1540 3500 20 47 p
1560 3500 41 47 it
1619 3513 9 28 ;

1696 3519 99 33 othei
1805 3526 27 20 Q.
1886 3515 73 33 Mr.
1980 3510 34 34 Y
2026 3520 93 34 (ping
2140 3510 61 31 has
2215 3509 63 30 the
2290 3501 216 35 misfortune
2522 3496 45 35 or
2580 3491 196 43 belonging
2793 3495 39 26 to
2851 3485 67 33 the
2931 3484 91 33 cla,d

308 3583 69 34 but
394 3583 98 39 that,
520 3576 266 45 familiatising
806 3570 215 39 themselves
1043 3563 72 39 oi
1115 3560 227 41 Intellectual
1364 3557 71 35 and
1462 3557 171 35 laudable
1698 3565 43 34 of
1754 3561 219 48 performers
2006 3557 41 33 of
2065 3563 81 30 true
2161 3556 141 43 genius,
2319 3550 70 32 and
2407 3550 28 31 is
2454 3543 187 37 therefore
2659 3536 162 46 exposed
2841 3540 41 27 to
2895 3531 50 34 all
2963 3531 63 35 the

308 3640 189 41 exertion,
509 3638 89 44 they
617 3645 106 35 carry
739 3632 91 37 with
849 3630 112 40 them,
979 3627 78 34 into
1072 3631 115 35 every
1205 3619 229 44 department
1448 3614 43 34 of
1501 3612 132 38 useful-
1698 3611 276 43 diitdvantages
2011 3604 118 40 which
2161 3612 53 24 we
2244 3601 92 32 have
2368 3591 222 46 meationed.
2662 3583 90 79 Contc
2752 3583 18 79 .
2770 3583 91 79 ioils
2888 3578 43 35 of
2965 3579 12 79 t
2976 3579 12 79 d
2988 3579 13 79 h
3001 3579 13 79 .
3014 3579 13 79 e

309 3707 96 32 ness,
438 3696 106 35 those
568 3691 274 50 qttalifitations
862 3683 141 44 which,
1033 3679 158 40 without
1218 3672 228 48 improperly
1469 3669 167 39 interfer-
1701 3661 34 33 di
1744 3660 30 34 ffi
1778 3658 129 37 culties
1922 3657 43 34 of
1980 3651 262 37 hissithation.
2257 3647 53 53 and
2310 3647 18 53 .
2344 3644 37 33 di
2389 3635 113 77 veting
2503 3635 19 77 .
2522 3635 190 77 lairselves
2712 3635 20 77 h
2746 3635 8 76 o
2754 3635 9 76 i
2764 3635 9 76 t
2773 3635 9 76 i
2797 3641 19 21 a

2826 3622 25 85 hi
2851 3622 12 85 p
2863 3622 38 85 i,h
2901 3622 25 85 re
2926 3622 12 85 e
2937 3622 12 85 j
2949 3622 13 85 s
2962 3622 13 85 u
2975 3622 26 85 ir
3001 3622 26 85 t-

1806 3715 53 26 we
1887 3702 187 39 witnessed
2091 3699 52 34 his
2156 3697 224 35 delne.ation
2396 3687 44 37 of
2457 3686 162 37 Alutoqh
2642 3689 61 26 t.%
2745 3684 12 30 t
2786 3689 21 24 e
2867 3703 20 15 ~

314 3759 37 43 ire
351 3759 12 43 .
363 3759 13 43 ,
394 3757 93 35 with
504 3756 100 38 their
615 3754 207 46 legitimate
840 3746 76 38 and
932 3742 131 48 higher
1075 3738 177 48 pursuits,
1269 3735 131 38 render
1413 3733 98 34 them
1532 3732 106 35 base-

1675 3755 18 48 I
1702 3718 14 73 c
1716 3718 28 73 ti
1744 3718 28 73 es
1773 3718 131 73 siiction.
1951 3751 63 35 He
2027 3759 39 25 e
2076 3748 109 34 identl
2194 3759 14 20 v
2222 3741 178 37 followed
2417 3741 59 30 tin!
2494 3730 237 48 inspirations
2748 3724 44 35 of
2803 3724 57 34 his
2876 3719 158 44 feelings

312 3817 107 39 idol
431 3819 72 35 and
516 3816 156 47 eligible
685 3814 213 38 characters
922 3807 35 35 in
972 3806 132 35 human
1114 3801 157 43 society.
1677 3803 9 13 '
1706 3793 522 54 audjudgment,andscoroed
2239 3789 197 34 imitation.
2463 3782 56 34 ale
2533 3772 120 85 vviseli
2654 3772 17 85 l
2670 3772 123 85 suffere
2793 3772 18 85 l
2811 3772 18 85 d
2842 3771 15 54 t
2857 3771 15 54 .
2872 3771 33 54 he
2915 3767 122 40 embi-

367 3892 59 39 Of
446 3893 76 37 this
550 3891 113 38 order
692 3889 44 35 of
755 3886 213 38 excellence
1002 3883 28 33 is
1059 3878 78 35 Mr.
1153 3873 135 37 Yates.
1341 3866 202 40 Estimable
1558 3873 41 28 as
1622 3872 22 26 a
1704 3854 71 65 {ions
1775 3854 30 65 ..

1753 3860 38 72 e
1817 3849 22 34 d
1844 3849 126 54 isposit
1975 3849 37 34 io
2016 3857 19 25 a
2047 3843 31 81 of
2078 3843 17 81 i
2098 3843 54 34 his

2099 3842 65 80 he
2164 3842 73 76 hero
2237 3842 18 76 S
2255 3842 18 76 h
2272 3842 19 76 u
2291 3842 38 76 nt

2335 3828 5 89 i
2340 3828 5 89 i
2350 3836 14 79 I
2365 3836 14 79 n
2379 3836 14 79 d
2409 3828 12 86 t
2421 3828 12 86 i
2433 3828 12 86 o
2445 3828 24 86 nn
2469 3828 48 86 hrst
2517 3828 24 86 ii
2541 3828 12 86 t
2552 3828 12 86 i
2564 3828 12 86 .
2576 3828 12 86 o
2588 3828 12 86 t
2600 3828 13 86 i
2613 3828 13 86 i
2626 3828 13 86 i
2639 3828 26 86 ie
2678 3828 12 86 i
2689 3828 12 86 c
2701 3828 26 86 ia
2727 3828 13 86 x
2740 3828 13 86 t
2753 3828 13 86 p
2766 3828 13 86 o
2779 3828 13 86 r
2792 3828 13 86 n
2805 3828 26 86 es
2831 3828 13 86 y
2844 3828 13 86 t

2864 3826 28 72 on
2893 3826 15 72 n

2923 3861 41 35 of

2980 3862 56 34 his

1728 3906 21 27 h
1791 3900 89 43 prod
1885 3896 122 33 uction
2024 3906 21 22 o
2050 3892 18 34 f
2159 3900 25 34 p
2189 3894 56 28 oet
2254 3909 9 14 ,

317 3952 203 48 Preacher,
530 3951 72 38 and
621 3945 194 50 approved
833 3956 41 26 as
891 3956 22 24 a
941 3941 164 37 scholar,
1126 3935 46 33 he
1201 3933 27 35 is
1246 3931 77 34 also
1338 3922 231 48 extensively
1591 3931 56 26 re-

1711 3952 243 31 countenance
1976 3943 103 34 when
2094 3933 252 40 discontented
2367 3928 87 34 with
2476 3925 61 34 the
2570 3924 155 32 honours
2750 3909 169 40 lavished
2939 3918 98 37 upon

24 4002 9 18 /

318 4009 157 48 ipected,
503 4018 41 28 as
570 4018 26 25 a
619 4017 107 30 man;
750 4003 72 37 aad
854 4002 115 35 while
1000 3998 45 34 he
1071 3997 27 33 is
1120 3987 211 50 applauded
1361 3985 58 35 for
1448 3983 57 35 his
1524 3979 123 48 public
1716 3994 90 41 him,
1822 3991 70 35 and
1909 3991 119 35 which
2049 3986 113 45 ought
2178 3989 40 27 to
2251 3981 92 33 have
2370 3971 175 45 assuaged
2567 3970 57 34 his
2640 3969 106 32 tairst
2766 3961 58 34 for
2842 3965 197 40 greattness,

319 4070 221 39 talentsaod
556 4069 254 39 attainments,
843 4062 46 37 be
909 4063 45 40 is,
974 4058 33 35 if
1033 4052 176 52 possible,
1237 4048 76 38 still
1331 4056 100 26 more
1448 4041 132 39 valued
1594 4039 59 34 for
1719 4044 45 33 he
1778 4039 234 46 impatiently
2034 4049 25 21 o
2072 4039 143 30 itnesta.i
2242 4030 63 33 the
2327 4023 185 37 elevation
2538 4017 41 34 of
2611 4017 60 33 the
2707 4007 130 46 King's
2855 4016 86 25 own
2966 4013 47 69 *mi
3013 4013 15 69 l
3028 4013 17 69 :

322 4129 107 37 those
448 4130 150 45 private
622 4127 139 35 virtues
780 4119 124 40 which
926 4123 91 32 most
1038 4108 210 48 essentially
1269 4106 161 38 conduce
1444 4107 38 31 to
1499 4100 63 35 the
1577 4106 74 27 sum

1721 4059 1325 156 tTshsoislLialidiqvu,ywwashdeenlidveepread%in.igthtaollatuhneou..:ciredDeinienr7:l;virapvi,:srsinnst
3172 4068 26 112 ts,

322 4188 48 38 Of
389 4191 152 47 general
555 4189 216 46 happiness.

1292 4191 5 63 '
1726 4200 63 53 is
1788 4200 32 53 g
1922 4231 47 18 ..
3028 4191 20 32 I

372 4260 96 38 Jo*.
489 4260 60 47 14,
578 4259 107 45 /SOO,
1391 4235 220 39 Oxalates.
1726 4244 45 25 et
1789 4244 71 30 wan
1877 4230 200 50 teriirnally
2109 4220 111 53 grand
2228 4244 12 20 ,
2272 4217 70 37 and
2378 4226 19 22 o
2402 4214 32 33 nl
2440 4222 20 38 y
2490 4213 37 30 at
2557 4217 45 26 r.s
2635 4204 211 37 couelusaie
2882 4198 141 32 iin.tate

226 174 163 56 JAN.
432 172 79 51 ID.

2066 2480 141 47 THE
2233 2476 338 47 THEATRE.

2172 2594 311 31 1141'-.IIIRKET.

1719 2663 59 35 On
1796 2657 230 46 Wednesday
2043 2656 115 45 night,
2176 2654 59 34 for
2246 2653 65 34 the
2324 2652 79 33 first
2417 2649 89 34 time
2524 2655 58 27 we
2600 2643 146 35 believe
2761 2639 72 34 this
2852 2644 144 31 se;soo,

1670 2711 66 35 the
1755 2709 112 35 Little
1883 2707 177 35 Theatre,
2076 2701 249 46 Haymarket,
2342 2695 222 37 overflowed
2582 2691 90 35 with
2691 2695 196 35 company.
2913 2680 85 37 The

1675 2756 181 48 powerful
1871 2759 141 39 magnet
2030 2753 76 32 that
2121 2748 181 35 airacted
2320 2745 84 35 such
2422 2741 145 37 crowds
2585 2745 38 28 to
2637 2740 78 31 that
2732 2734 115 41 lately
2867 2730 130 43 warty

1672 2805 163 35 deserted
1856 2804 124 38 house,
2011 2810 72 24 was
2115 2802 63 30 the
2204 2792 231 48 euisjunctiou
2469 2789 44 33 of
2533 2789 93 33 Mrs.
2641 2784 151 33 Siddct,as
2810 2779 93 35 with
2923 2776 73 37 Mr.

1678 2850 168 46 Young's
1859 2850 126 48 genius
2013 2846 37 33 in
2078 2839 265 48 Shakespear's
2357 2838 146 43 tragedy
2532 2833 45 34 of
2608 2830 180 38 Jlacbeth.
2837 2826 84 33 The
2931 2833 48 24 ex-

1675 2898 161 35 celleoce
1850 2888 46 43 of
1918 2894 81 37 Mrs.
2020 2893 152 34 Siddons
2187 2900 40 26 as
2245 2891 63 32 the
2324 2884 287 46 representative
2628 2878 44 34 of
2698 2875 99 44 Lady
2817 2870 183 39 Macbeth,

1678 2949 30 33 is
1731 2955 61 27 too
1824 2944 84 33 well
1941 2943 135 33 kouwn
2105 2944 38 28 to
2177 2937 149 45 require
2339 2944 69 24 an.
2430 2931 141 33 further
2589 2923 240 38 illustration,
2846 2928 59 24 we
2922 2917 80 34 will

1678 2993 188 38 therefore
1880 2991 138 35 cuufine
2035 2998 69 26 our
2120 2985 164 35 remarks
2301 2989 38 27 to
2357 2981 59 32 the
2435 2978 253 45 performance
2704 2969 44 34 of
2759 2969 70 34 Mr.
2851 2965 152 43 Young,

1684 3043 100 40 who,
1812 3039 59 35 for
1891 3037 63 35 the
1970 3037 79 33 fast
2065 3035 104 40 time,
2181 3028 191 48 appeared
2404 3025 37 37 is
2472 3027 60 32 the
2567 3021 161 35 arduous
2743 3017 196 34 character
2963 3009 45 37 of

1682 3089 181 37 itacertd.

1731 3136 133 35 Genius
1881 3132 32 34 is
1924 3130 128 37 rather
2062 3125 162 38 checked
2248 3125 89 34 than
2353 3120 149 37 assisted
2530 3119 51 43 by
2611 3115 63 34 the
2699 3109 177 46 example
2900 3104 45 38 of
2965 3106 46 33 its

1689 3185 257 46 predecessors.
2002 3177 77 34 For
2096 3174 137 37 instead
2263 3172 44 33 of
2326 3170 154 41 beudiug
2494 3168 52 33 all
2567 3167 46 32 its
2639 3159 169 35 faculties
2826 3165 100 33 uitnn
2944 3163 66 24 OM=

1685 3231 112 44 stugle
1824 3230 120 45 poiut,
1963 3226 63 34 the
2053 3224 190 44 acquiring
2269 3219 172 45 superior
2454 3213 230 39 excellence,
2704 3207 28 33 it
2752 3206 30 33 is
2799 3198 210 48 compelled

1689 3291 50 26 to.
1759 3278 128 34 divide
1918 3275 47 33 its
1997 3278 178 28 attention
2205 3268 71 34 and
2310 3265 151 34 weaken
2492 3263 45 32 its
2568 3265 163 39 powers,
2757 3254 47 41 by
2826 3247 189 37 continual

1687 3327 124 34 aims
1821 3332 40 30 to
1873 3320 111 37 avoid
1998 3319 196 35 imitation.
2220 3317 72 32 But
2309 3322 59 24 not
2383 3312 84 33 only
2485 3311 44 32 its
2546 3320 18 19 e
2572 3313 79 26 xert
2659 3305 148 32 imisare
2818 3295 196 44 cramped;

1693 3378 46 30 its
1754 3373 97 34 fame
1865 3369 123 37 suffers
2004 3377 46 30 no
2063 3364 103 35 small
2180 3360 222 38 diminution
2427 3357 43 34 of
2493 3359 44 31 its
2555 3356 128 34 lustre,
2700 3346 158 44 through
2884 3344 61 32 the
2965 3343 35 32 in-

1709 3428 51 28 ust
1769 3422 51 32 ice
1833 3418 43 35 of
1889 3419 60 33 the
1967 3415 128 45 public
2108 3411 167 46 opinion.
2295 3420 28 20 w
2334 3406 84 34 hich
2435 3403 159 41 wrongly
2613 3399 162 32 believes
2791 3393 78 33 that
2888 3391 52 33 all
2960 3389 61 32 the

1694 3469 109 35 merit
1821 3467 27 33 it
1869 3472 175 39 possesses
2059 3462 30 33 is
2104 3459 71 33 due
2192 3465 37 27 to
2242 3459 64 32 the
2321 3454 102 44 stuly
2447 3454 27 32 it
2504 3454 63 31 has
2585 3446 105 33 made
2708 3442 43 33 of
2764 3441 64 33 the
2848 3437 123 34 works
2983 3433 41 34 of

1696 3519 99 33 other
1805 3526 27 20 Q.
1886 3515 73 33 Mr.
1980 3510 34 34 Y
2026 3520 93 34 wing
2140 3510 61 31 has
2215 3509 63 30 the
2290 3501 216 35 misfortune
2522 3496 45 35 of
2580 3491 196 43 belonging
2793 3495 39 26 to
2851 3485 67 33 the
2931 3484 91 33 cla,s

1698 3565 43 34 of
1754 3561 219 48 performers
2006 3557 41 33 of
2065 3563 81 30 true
2161 3556 141 43 genius,
2319 3550 70 32 and
2407 3550 28 31 is
2454 3543 187 37 therefore
2659 3536 162 46 exposed
2841 3540 41 27 to
2895 3531 50 34 all
2963 3531 63 35 the

1698 3611 276 43 du4adyantages
2011 3604 118 40 which
2161 3612 53 24 we
2244 3601 92 32 have
2368 3591 222 46 ineotioned.
2662 3583 198 37 Coutcioui
2888 3578 43 35 of
2965 3579 63 31 the

1701 3658 206 37 difficulties
1922 3657 43 34 of
1980 3651 57 35 his
2053 3651 189 37 sithation.
2257 3647 71 33 and
2344 3641 178 41 divesting
2541 3635 188 37 ourselves
2746 3631 41 34 of
2797 3631 50 32 all

1702 3718 74 30 ces,
1806 3715 53 26 we
1887 3702 187 39 witnessed
2091 3699 52 34 his
2156 3694 224 38 delineation
2396 3687 44 37 of
2457 3686 162 37 itlacielh
2642 3694 25 20 W
2678 3681 54 32 ith
2745 3683 63 31 the
2826 3674 142 44 highest
2978 3681 58 24 sa.

1706 3754 198 38 tisfaetion.
1951 3751 63 35 He
2027 3748 182 39 evidently
2222 3741 178 37 followed
2417 3741 59 30 time
2494 3730 237 48 iitopirations
2748 3724 44 35 of
2803 3724 57 34 his
2876 3720 158 43 feelings

1706 3803 70 35 and
1782 3801 209 46 judgment,
2002 3795 70 41 und
2079 3793 149 39 won:0
2239 3793 8 31 i
2309 3789 128 33 tatimh
2463 3782 56 34 te
2572 3780 64 32 isel
2647 3791 13 19 s.
2675 3772 154 37 suffered
2842 3767 195 40 theiMbi

1704 3854 100 32 41005
1817 3849 219 45 disposition
2047 3843 43 34 of
2098 3843 54 34 his
2164 3836 119 38 hero's
2296 3836 97 33 naiad
2409 3844 37 21 to
2456 3833 98 31 horst
2568 3828 51 33 foi
2631 3814 8 44 1
2640 3814 8 44 -
2648 3814 19 44 11
2678 3828 63 30 not
2752 3821 86 43 only
2850 3817 37 33 in
2901 3814 139 41 words,

1711 3900 61 33 he
1791 3896 216 46 production
2024 3892 44 37 of
2082 3893 58 32 the
2159 3894 104 40 poet,
2282 3887 63 31 but
2357 3882 34 33 in
2409 3878 124 39 looks,
2548 3876 35 33 in
2604 3876 60 30 the
2689 3866 219 48 expression
2923 3861 41 35 of
2980 3862 56 34 his

1711 3952 243 31 countenance
1976 3943 103 34 when
2094 3933 252 40 discontented
2367 3928 87 34 with
2476 3925 61 34 the
2570 3924 155 32 honours
2750 3909 169 40 lavished
2939 3918 98 37 upon

1716 3994 90 41 him,
1822 3991 70 35 and
1909 3991 119 35 which
2049 3986 113 45 ought
2178 3989 40 27 to
2251 3981 92 33 have
2370 3971 175 45 assuai.,,ed
2567 3970 57 34 his
2640 3969 106 32 toir-t
2766 3961 58 34 ler
2842 3965 197 40 greatness,

1719 4044 45 33 he
1778 4039 234 46 impatiently
2034 4049 25 21 vs
2072 4039 143 30 itnesses
2242 4030 63 33 the
2327 4023 185 37 elevation
2538 4017 41 34 of
2611 4017 60 33 the
2707 4007 130 46 King's
2855 4016 86 25 own
2966 4013 79 25 son:

1726 4090 65 35 His
1804 4089 187 44 soliloquy
2011 4085 104 33 when
2139 4078 198 45 departing
2367 4078 39 27 to
2430 4074 187 30 aunou.ice
2649 4061 150 37 Duncan
2817 4068 15 22 s
2851 4050 195 48 approach

1721 4144 38 28 to
1778 4142 57 34 his
1848 4136 115 40 Lady,
1980 4144 72 22 was
2067 4124 185 40 delivered
2272 4120 91 35 with
2378 4119 50 34 all
2446 4119 64 33 the
2528 4111 119 39 stiQed
2662 4117 131 32 enerp
2817 4103 43 34 of
2885 4098 161 46 passions

1720 4185 201 48 struggling
1935 4182 58 34 for
2009 4183 197 33 utterance.
2261 4172 44 35 in
2326 4169 54 34 his
2394 4165 146 37 address
2559 4169 38 24 to
2613 4161 60 31 the
2694 4152 198 43 ttuaginurn
2914 4149 135 41 dagger

1726 4235 45 33 he
1789 4244 71 30 was
1877 4230 200 50 teriiiinally
2109 4220 130 53 grand,
2272 4217 70 37 and
2378 4214 83 46 only
2490 4213 37 30 at
2556 4208 46 34 I*.s
2635 4201 211 39 conclusioe
