3201 4429
206 223 163 67 JAN.
413 221 79 53 15.

206 326 124 70 hind,

358 343 96 52 whP
469 343 70 44 did
552 330 91 52 not
644 331 163 50 honour
829 326 165 57 Vienna,
1011 346 74 32 nor
1102 326 146 56 Berlin,
1274 328 97 40 with
1387 340 26 28 a
1428 331 89 50 stay

211 410 52 51 pf
278 420 116 30 more
416 407 102 39 than
540 409 84 35 two
644 415 47 27 or
704 400 115 46 three
835 398 112 56 days,
974 393 198 44 remained
1188 384 219 59 stationary
1421 402 99 26 near

213 471 163 47 Madrid
393 474 40 37 at
450 468 102 51 least
569 468 215 50 seventeen
802 461 99 58 days
950 459 126 39 What
1087 468 72 28 can
1178 456 172 38 account
1363 451 65 40 for
1442 448 80 41 this

215 536 158 54 change
397 531 50 53 of
476 534 151 54 system
641 531 12 35 Z
709 526 74 56 ills
813 522 249 58 reputation,
1089 516 181 41 battered
1300 526 44 30 as
1367 514 32 39 it
1419 511 33 40 is
1468 511 52 53 by

216 596 208 50 atrocities
459 591 80 45 and
569 587 215 56 falshqeds,
831 586 120 46 must,
989 579 263 57 neverthelesa
1287 575 103 46 have
1415 583 111 37 some

217 658 124 44 value
374 659 37 39 in
441 656 64 44 his
521 666 93 28 own
632 648 229 53 estimation
878 663 12 43 i
918 645 83 40 and
1029 643 92 54 how
1140 640 77 41 will
1245 638 63 54 his
1338 639 191 50 arrogant

219 720 144 53 liranity
380 720 52 45 he
444 717 94 41 able
549 720 45 38 to
614 716 169 51 support
795 711 70 39 the
875 720 132 28 sneers
1033 705 77 50 and
1122 712 189 41 sarcasms
1325 699 47 39 of
1385 698 57 39 his
1452 694 59 41 fol-

221 783 159 54 lowers,
411 781 107 45 who,
534 772 155 63 thoagh
705 775 93 51 they
819 784 106 27 wear
943 782 52 28 an
1015 768 61 39 air
1094 765 47 41 of
1159 774 123 45 grave
1298 770 235 41 composure

222 841 44 46 in
285 846 61 39 his
365 853 200 57 presence,
593 839 54 46 do
666 841 70 37 not
826 839 67 57 get
757 831 181 39 his
939 835 44 40 for
983 815 171 69 vaunted
1170 822 171 58 promise
1356 820 46 39 of
793 815 1 94 .
1302 815 100 94 ,

1422 826 90 32 tran-

221 915 196 54 quilizing
452 908 135 53 Spain,
617 904 137 40 before
781 901 70 53 the
878 896 228 54 expiratioq
1126 893 48 50 of
1201 891 74 39 last
1307 898 107 30 %ear.
1470 886 65 37 NO

228 973 148 60 people
411 971 177 50 existing
624 979 69 28 are
717 944 148 64 fonder
896 960 48 41 of
965 972 26 43 a
1023 956 119 54 laugh
1172 954 99 51 than
1300 950 69 39 the
1390 945 148 43 French

230 1036 164 48 soldiers
407 1051 13 30 ;
449 1032 77 40 and
557 1032 98 50 they
676 1025 162 54 indulge
857 1019 234 53 themselves
1108 1013 190 54 cordially
1318 1017 41 34 at
1388 1009 66 40 the
1470 1019 47 27 ex-

233 1111 128 53 pence
378 1096 48 41 of
432 1095 66 40 the
519 1093 201 41 mortified
750 1089 211 51 liraggart.
1015 1083 33 39 A
1065 1085 83 48 stay
1169 1080 47 43 of
1228 1078 203 48 seventeen
1447 1071 97 53 days

233 1170 110 33 near
356 1156 177 54 Madrid!
565 1155 39 39 It
621 1153 31 39 is
669 1148 244 54 astonishing
933 1146 93 45 that
1050 1157 25 25 a
1093 1142 296 41 circumstance,
1415 1131 129 52 which

239 1222 152 51 affords
418 1234 45 26 so
484 1217 119 58 much
627 1218 144 37 matter
790 1209 66 52 for
882 1205 265 57 speculation,
1174 1202 71 39 has
1264 1199 100 40 been
1393 1191 155 57 noticed

239 1274 56 65 by
309 1296 105 28 none
433 1280 48 40 of
491 1292 74 28 our
580 1272 328 58 coteipporaries.
966 1270 94 37 Was
1072 1264 50 40 all
1141 1263 74 46 this
1234 1261 98 39 time
1349 1265 200 40 necessary

243 1352 46 37 to
309 1336 124 53 make
459 1338 276 59 preparations
755 1335 66 39 for
842 1333 65 39 the
934 1326 234 56 coronation
1199 1322 47 51 of
1274 1320 60 39 his
1362 1319 81 38 broi
1453 1318 70 38 her
1537 1318 12 33 ?

244 1411 79 53 pc,
354 1395 89 53 who
464 1410 130 43 unites
619 1400 40 39 in
678 1398 58 39 his
762 1408 90 27 own
882 1404 143 41 persou
1045 1388 65 39 the
1127 1383 185 56 qualities
1332 1380 46 39 of
1390 1377 67 39 the
1476 1374 60 40 Sol-

387 1468 69 41 the
491 1462 159 67 pontiff,
680 1457 74 53 and
791 1456 71 40 the
896 1453 112 51 :_;7,
1039 1449 91 39 who
1157 1456 191 47 poFsesses
1376 1453 41 25 sn
1437 1447 118 39 many

249 1526 167 67 pawned
451 1530 77 38 and
569 1521 164 57 pilfered
772 1530 155 32 crowns
966 1512 78 40 and
1080 1508 189 45 diad-ms,
1312 1504 86 40 who
1430 1498 130 46 inir,ht

246 1594 107 56 have
389 1593 102 40 been
524 1584 181 51 accosted
741 1580 91 40 with
869 1578 69 39 the
1344 1580 15 22 s
1518 1563 44 34 to

248 1657 71 40 the
343 1667 87 28 ears
462 1650 50 41 of
539 1663 26 26 a
606 1645 200 40 fcrocio.ls
844 1643 77 37 1.1..:•
1180 1641 148 48 gro.ais
1367 1622 73 41 and
1470 1633 71 39 exe-

252 1717 176 51 prations
474 1713 50 53 of
568 1710 70 39 the
676 1715 215 35 numerous
934 1695 233 57 p.:,,oiation
1401 1680 143 56 cap,tal
1544 1680 21 56 t

256 1785 17 41 I
301 1776 69 44 did
404 1782 74 34 not
524 1766 109 47 want
661 1783 43 37 so
736 1765 119 41 much
892 1762 97 39 time
1024 1759 44 38 tbs
1068 1759 15 38 .
1121 1756 289 56 preparations.
1475 1743 94 50 Tlo

255 1840 143 54 simple
439 1839 288 43 circumstance
768 1824 249 44 undermines
1061 1822 63 35 OA.
1167 1814 130 40 whole
1345 1809 17 39 ,
1362 1809 120 39 _!dinee
1531 1802 46 40 of

254 1905 60 40 his
343 1900 189 45 Bulletin,
561 1892 163 52 artfully
758 1883 256 45 construc:cd
1044 1894 41 26 as
1117 1880 28 38 it
1176 1879 54 41 is;
1261 1873 77 40 and
1359 1873 43 43 is,
1430 1869 40 38 in
1499 1878 76 30 our

250 1967 217 53 judgment
490 1961 66 40 the
578 1962 103 35 most
694 1949 239 51 convincing
956 1944 100 54 pro,k
1056 1944 21 54 .
1128 1954 21 25 e
1165 1935 117 44 could
1306 1932 162 41 .-eceive,
1488 1926 87 40 Wit

255 2029 54 41 he
330 2028 32 39 is
377 2022 162 56 himself
552 2015 286 57 apprehensive
853 2009 47 39 of
911 2006 175 52 meeting
1106 2014 110 28 more
1230 1994 223 50 ditlicaltics
1466 1991 39 37 in
1522 1989 57 37 his

260 2092 174 48 attempt
452 2092 44 47 ti
509 2081 214 52 subjugate
739 2074 133 54 Spain,
904 2070 98 39 than
1024 2067 59 38 his
1101 2062 188 41 admirers
1307 2057 39 39 in
1365 2055 76 40 this
1457 2062 98 28 coun-

262 2156 64 48 try
341 2148 190 56 imagine.
591 2140 106 41 With
715 2134 40 41 an
755 2134 20 41 .
785 2146 112 40 army
920 2130 48 40 of
985 2111 116 93 60,00
1124 2111 22 93 U
1170 2111 69 93 men
1256 2118 138 41 before
1411 2111 171 43 Madrid,

265 2211 79 43 and
360 2222 59 30 we
445 2209 103 47 have
565 2203 61 47 his
643 2213 90 30 own
749 2197 215 44 statement
983 2189 65 41 for
1065 2189 44 56 it,
1137 2185 50 40 he
1208 2180 169 43 remains
1390 2172 195 54 caressing

265 2272 72 58 the
348 2270 188 61 Zephyrs,
565 2261 209 58 indulging
796 2259 39 52 iq
868 2256 67 45 the
963 2251 197 56 pleasures
1178 2244 47 40 of
1252 2243 71 39 the
1341 2248 107 39 seaso
1448 2248 44 39 n,
1520 2245 48 27 en
1572 2254 17 26 ;

260 2335 149 57 joying
428 2331 70 45 the
517 2329 80 40 fine
617 2326 59 39 air
687 2322 47 41 of
746 2321 69 54 the
833 2320 170 50 cquntry
1022 2329 12 28 ;
1056 2310 79 40 like
1152 2304 170 43 another
1337 2303 107 39 CNC%
1454 2313 40 31 it,
1515 2296 57 38 rio-

266 2396 94 52 ting
376 2396 40 38 in
443 2393 70 40 the
544 2399 109 31 arms
669 2383 48 41 of
731 2396 26 26 a
774 2382 137 40 CLEOP
911 2382 138 40 ATRA,
1078 2372 47 39 he
1142 2367 99 41 risks
1259 2366 69 38 the
1346 2361 188 50 conquest
1552 2355 46 40 of

270 2456 141 58 Spain,
442 2457 41 35 to
513 2451 123 51 enjoy
672 2445 69 41 the
768 2443 81 40 fine
868 2435 176 43 weather
1063 2433 37 38 in
1129 2430 67 43 the
1230 2417 306 61 neigbourhood
1556 2415 45 39 of

274 2519 74 40 the
365 2512 165 58 capital,
563 2500 327 51 Unaccountable
909 2494 141 45 indeed
1068 2498 9 46 f
1110 2494 58 37 He
1185 2490 73 39 has
1276 2485 125 43 either
1421 2478 176 43 received

278 2567 203 64 alarming
500 2569 254 53 intelligence
772 2563 105 40 from
895 2559 60 39 his
974 2559 138 50 agents
1131 2557 40 34 at
1191 2550 176 40 Vienna;
1395 2556 47 27 or
1456 2542 69 38 the
1544 2539 54 39 in.

280 2631 213 59 habitants
509 2631 48 41 of
570 2627 156 51 Madrid
745 2624 191 52 coutigue
956 2624 44 34 to
1018 2613 149 56 display
1188 2624 50 26 an
1254 2607 184 44 heroism,
1469 2614 52 26 an
1533 2611 46 28 un-

285 2694 252 61 governable
554 2689 141 44 hatred
713 2686 79 43 and
819 2683 228 46 resistance,
1075 2675 89 41 that
1186 2673 51 38 he
1254 2669 115 40 dares
1387 2661 220 44 undertake

283 2761 175 59 nothing
490 2756 50 43 of
567 2754 250 53 importance
844 2743 159 56 against
1023 2739 70 39 the
1124 2737 164 39 Eastern
1307 2727 78 41 and
1411 2722 195 50 Southern

288 2822 236 54 frovinces,
552 2829 45 27 as
612 2815 94 52 long
725 2823 43 27 as
778 2807 112 48 these
905 2806 221 51 symptoms
1144 2793 202 41 continue.

394 2882 91 44 The
503 2881 213 40 Euraaoa
735 2871 72 40 has
823 2867 122 57 given
960 2863 70 41 the
1046 2870 111 39 army
1178 2867 110 27 some
1317 2852 93 50 da)s
1428 2849 79 41 rest

296 2948 69 43 Ile
400 2944 33 43 is
467 2952 142 46 grown
634 2931 237 52 excessively
905 2927 180 40 humane
1119 2919 47 39 of
1193 2919 93 38 late.
1344 2915 41 37 in
1409 2910 69 41 the
1496 2903 119 44 blake

294 3009 169 56 climate
480 3004 51 45 of
557 3001 70 45 the
647 2996 145 45 North,
827 2993 51 39 he
894 2989 70 48 did
980 2991 73 35 not
1077 2980 74 43 feel
1170 2995 45 25 so
1235 2974 118 43 much
1372 2967 243 56 compassion

299 3072 71 41 for
391 3071 70 40 the
472 3061 215 59 sufferings
699 3056 50 43 of
780 3056 63 40 his
857 3050 182 45 soldiers,
1072 3045 105 44 who,
1209 3041 105 39 after
1333 3035 65 41 the
1426 3030 126 43 battle
1577 3026 48 40 of

305 3138 126 41 Jena,
459 3141 109 30 were
604 3118 164 57 obliged
802 3123 46 35 to
883 3110 139 47 march
1059 3102 248 52 incessantly,
1338 3099 38 37 in
1396 3092 152 56 pursuit
1579 3089 46 40 of

302 3195 76 48 the
396 3189 189 48 Prosian
598 3182 211 56 fugitives,
841 3175 125 43 under
983 3169 145 43 Prince
1147 3167 92 39 Hon
1248 3172 171 38 ent.oup:,
1449 3152 78 41 and
1547 3152 50 38 Ge-

306 3254 117 46 neral
441 3257 221 39 &MOW.
715 3243 137 40 There
878 3247 80 30 was
989 3244 54 32 no
1081 3233 78 37 rest
1187 3221 168 47 allowed
1384 3219 115 39 those
1526 3223 100 43 poor

309 3317 201 45 wrotelant
542 3315 48 38 at
622 3304 91 48 that
738 3304 102 41 time
854 3317 15 30 ;
909 3294 94 54 they
1038 3291 100 41 were
1157 3283 20 46 -
1178 3283 143 46 forced,
1357 3282 35 39 in
1420 3278 71 41 the
1526 3276 99 38 most

311 3381 283 52 tempestuous
609 3369 196 45 weather,
842 3365 46 37 to
912 3356 116 43 wade
1046 3366 53 40 up
1119 3357 43 34 to
1189 3347 105 41 their
1312 3344 119 39 knee%
1448 3339 43 38 in
1520 3332 81 100 mud
1602 3332 28 100 d

1619 3369 11 17 ,

313 3439 184 54 through
515 3436 73 44 the
619 3433 146 41 almost
798 3418 241 61 impassable
1070 3413 113 43 roads
1217 3409 50 41 of
1289 3398 234 50 Pomerania
1556 3407 50 27 an

315 3500 322 52 lieckkn'burr,
673 3491 61 46 till
759 3489 98 56 they
895 3477 172 48 reached
1098 3471 180 45 Lubeck.
1332 3467 40 40 if
1393 3459 165 52 celerity
1592 3454 48 43 of

318 3565 220 58 operation
555 3570 85 31 was
661 3557 45 39 at
733 3552 96 44 that
857 3547 99 43 time
985 3535 219 47 advisable,
1244 3531 34 41 it
1312 3528 33 41 is
1371 3527 165 40 become
1564 3519 48 38 im-

319 3622 207 78 riously
546 3622 149 52 urgent
722 3618 44 38 at
797 3612 178 53 present,
1009 3601 116 41 when
1139 3606 123 41 every
1280 3591 78 53 day
1376 3587 111 56 gives
1513 3595 26 26 a
1556 3591 83 28 new

322 3681 317 64 augmentation
684 3677 51 43 of
780 3669 182 56 strength
998 3661 81 45 and
1109 3672 74 30 con
1188 3657 27 41 fi
1217 3656 125 44 dence
1372 3654 45 41 to
1456 3645 73 40 the
1570 3653 47 41 po-

326 3744 193 69 isolation
561 3744 51 44 of
661 3741 72 44 the
781 3733 129 45 South
950 3728 85 43 and
1095 3724 197 98 East.dis
1292 3715 38 40 it
1384 3709 32 40 is
1465 3705 52 41 of
1576 3702 70 39 the

327 3816 169 57 itighest
539 3807 254 56 importance
848 3800 47 37 to
948 3785 146 47 obtain
1214 3777 105 44 tinct
1378 3764 266 47 information

330 3891 57 30 on
417 3874 85 45 this
539 3867 120 44 head.
712 3862 89 43 The
835 3852 197 47 Bulletins
1062 3857 69 30 are
1159 3833 240 54 exclusively
1430 3822 219 57 composed

333 3930 70 52 for
416 3948 81 32 our
511 3926 176 63 perusal,
715 3922 79 43 and
824 3918 91 44 that
928 3913 50 43 of
1007 3909 71 45 the
1095 3908 128 40 Court
1238 3898 51 45 of
1315 3883 338 53 Viennait

337 3998 137 46 would
491 3997 53 41 be
562 4002 113 31 more
685 3985 97 43 than
802 3977 109 58 good
927 3978 163 41 nature,
1117 3966 37 41 if
1182 3976 60 27 we
1260 3956 151 51 trusted
1426 3953 66 40 for
1509 3945 126 44 intelli-

337 4072 130 47 gence
497 4063 47 35 to
576 4052 112 44 these
715 4043 252 50 documents.
1022 4020 364 54 Notwithstanding
1398 4015 71 41 the
1486 4006 169 46 affected

337 4124 287 57 fonehalance,
667 4108 99 44 with
794 4089 132 57 which
961 4094 132 45 which
1131 4091 92 53 they
1252 4096 71 30 are
1346 4074 189 52 dictated,
1563 4072 32 39 it
1628 4069 32 39 is

340 4187 116 53 easy,
482 4196 53 27 on
555 4191 52 31 an
625 4170 195 51 attentive
839 4156 278 50 examination
1135 4152 46 43 of
1207 4148 107 43 their
1335 4139 215 56 respective
1566 4144 71 30 con-

340 4253 126 41 tests,
483 4243 80 43 and
575 4251 54 33 on
641 4230 236 59 comparing
894 4238 24 30 a
930 4220 172 50 number
1114 4215 45 45 of
1173 4209 321 45 circumstanc4as,
1514 4204 43 34 to
1576 4205 87 43 per.-

343 4311 112 45 ceive
474 4306 93 44 that
596 4302 92 52 they
707 4307 66 32 ace
798 4306 27 28 a
855 4281 98 60 comp
953 4281 172 60 olition
1144 4276 46 43 of
1209 4264 222 52 falsehood,
1461 4257 204 58 bombast,

1072 201 144 66 THE
1248 193 366 71 NATIONAL
1649 183 372 60 REGISTER.

2806 157 59 48 41

1576 318 78 43 and
1680 314 210 45 concealed
1917 309 302 57 apprehension.
2272 305 90 41 The
2375 296 237 59 regularity,
2642 291 98 39 with
2761 286 129 41 which

1578 381 94 53 they
1702 389 70 32 are
1799 372 249 56 transmitted
2081 376 47 37 to
2156 371 78 38 tuis
2249 371 187 44 country,
2464 357 194 45 confirms
2670 363 79 28 our
2766 348 106 51 suspi-

1580 446 133 45 cions;
1741 441 78 44 and
1835 454 59 37 We
1909 450 65 41 see
1989 446 120 44 every
2130 441 136 33 reason
2280 435 46 38 to
2344 424 215 47 conclude,
2585 420 93 39 that
2700 416 69 38 the
2783 411 116 53 spirit

1581 506 50 44 of
1641 506 74 44 the
1729 500 209 59 Span**
1954 498 33 40 is
2015 509 45 30 es
2085 494 208 43 unbroken
2324 503 44 27 as
2398 489 32 39 it
2447 497 81 28 was
2543 484 40 38 in
2611 481 72 38 the
2704 475 90 43 first
2812 484 64 27 ino-

1583 573 116 43 meat
1711 566 47 41 of
1786 565 224 48 resistance.
2063 556 89 43 The
2186 553 244 41 inhabitants
2466 544 53 40 of
2546 544 124 39 Leon.
2705 534 195 46 Asturias,

1585 627 187 54 Gallicia,
1801 624 86 52 and-
1897 618 175 48 Castille,
2099 631 44 27 as
2158 627 99 31 soon
2280 625 44 28 as
2340 611 71 41 the
2437 605 171 51 severity
2628 599 50 43 of
2708 596 73 40 the
2800 605 79 30 wea-

1589 690 90 41 ther
1693 690 70 39 has
1778 684 163 53 abated,
1959 680 129 40 which
2108 680 32 38 is
2159 678 149 39 intense
2326 673 40 39 in
2385 671 117 39 those
2516 661 233 44 Provinces,
2761 654 149 50 during
2936 680 8 5 .

1591 751 69 41 the
1672 761 141 32 course
1826 746 48 51 of
1886 746 69 39 the
1974 743 154 41 winter,
2145 737 81 43 will
2244 744 156 32 resume
2419 728 107 41 their
2551 722 194 43 offensive
2765 728 120 45 opera-

1594 813 104 52 tions
1714 810 155 53 against
1885 806 106 53 their
2009 798 197 46 invaders.
2261 798 38 39 It
2313 789 124 46 could
2450 793 76 38 not
2544 787 48 39 be
2606 772 202 61 expected
2824 776 91 39 that

1594 875 71 54 the
1683 883 102 45 poor
1796 868 131 44 naked
1945 867 183 53 peasants
2141 856 141 45 should
2297 853 152 54 display
2473 848 92 43 that
2581 843 174 43 sublime
2766 846 154 43 energy
2944 841 4 89 •

1599 950 41 27 as
1669 935 44 53 tO
1731 935 123 38 brave
1876 930 56 41 all
1952 928 69 40 the
2041 926 157 56 rigours
2215 918 45 43 of
2291 918 72 40 the
2392 918 157 38 season,
2575 906 43 39 in
2636 904 107 41 their
2776 899 145 50 dreary
2947 899 5 90 •

1602 994 228 46 mountains
1843 989 79 43 and
1950 987 223 48 fastnesses,
2202 980 171 40 without
2392 978 123 38 tents,
2543 969 133 46 shoes,
2705 961 110 53 hats,
2841 956 83 44 and

1604 1061 67 38 the
1685 1061 102 37 most
1802 1048 286 58 indispensable
2104 1044 159 41 articles
2272 1039 47 43 of
2331 1036 201 50 clothing.

1659 1119 85 54 The
1763 1117 151 39 writers
1946 1110 47 41 of
2015 1106 152 54 several
2196 1113 157 45 papers,
2382 1096 106 43 who,
2519 1093 65 39 for
2614 1088 72 48 the
2717 1078 214 46 miserable

1607 1191 191 43 purposes
1817 1175 46 39 of
1870 1173 146 54 faction
2016 1173 21 54 t
2056 1182 47 27 or
2117 1173 41 34 to
2178 1163 146 56 gratify
2348 1157 106 41 their
2474 1153 254 41 abhorrence
2743 1142 52 53 of
2805 1152 126 41 every

1612 1243 113 52 their,
1744 1240 91 38 that
1852 1237 31 39 is
1913 1237 115 52 great
2048 1230 77 39 and
2143 1225 124 57 good,
2295 1220 198 41 condemn
2531 1214 70 39 the
2620 1208 317 51 lulcevrarmness

1615 1302 46 40 of
1668 1302 113 50 those
1800 1310 102 41 poor
1923 1291 157 61 people,
2106 1286 144 41 should
2276 1281 106 41 have
2412 1281 44 37 at
2470 1274 103 40 least
2585 1271 71 40 the
2670 1261 268 57 impertiality

1617 1370 43 33 to
1674 1359 152 43 remind
1845 1357 103 40 their
1964 1354 156 40 readers
2133 1349 48 38 of
2189 1348 69 39 the
2271 1341 171 45 sublime
2457 1331 208 52 examplea
2682 1328 48 40 of
2745 1323 198 47 devotion

1619 1431 41 33 to
1681 1423 69 40 the
1781 1430 118 30 cause
1930 1415 47 40 of
1998 1413 105 40 their
2122 1414 168 44 country
2321 1404 113 40 these
2469 1398 184 53 peasants
2670 1398 107 43 gave
2810 1389 44 35 at
2872 1385 74 39 the

1620 1483 128 44 battle
1796 1480 50 41 of
1892 1478 80 41 Rio
2015 1478 115 38 Seco,
2179 1467 77 43 ani
2303 1467 40 37 in
2381 1457 157 46 several
2588 1453 124 41 other
2767 1457 180 40 engage,

1623 1548 129 43 cents
1769 1543 124 39 under
1913 1534 170 48 General
2104 1535 156 37 MAKS.
2311 1527 190 48 hunger,
2516 1512 207 46 excessive
2734 1507 112 45 cold,
2865 1504 84 44 and

1625 1613 106 35 want
1748 1606 48 40 of
1808 1603 195 51 clothing,
2030 1599 125 39 drove
2174 1594 109 39 them
2298 1594 44 34 at
2365 1589 74 39 last
2456 1590 45 34 to
2517 1580 105 41 their
2641 1578 141 38 homes
2798 1589 12 30 ;
2841 1571 111 40 from

1626 1672 163 39 whence
1801 1668 92 51 they
1915 1658 78 47 will
2011 1661 103 39 issue
2132 1654 93 40 with
2248 1646 183 46 renewed
2448 1654 165 39 energy,
2642 1650 48 27 as
2706 1644 102 32 soon
2820 1643 46 30 es
2881 1631 74 40 the

1631 1730 96 41 mild
1744 1728 195 41 influence
1958 1721 48 39 of
2020 1722 70 38 the
2119 1728 74 28 sun
2213 1711 159 44 renders
2408 1708 74 39 fire
2513 1706 74 37 and
2608 1708 126 31 warm
2771 1689 184 56 clothing

1633 1800 276 39 unnecessary.
1939 1786 38 37 It
1995 1783 32 37 is
2043 1791 91 39 easy
2156 1774 64 43 for
2232 1774 113 39 those
2362 1768 191 54 ignorant
2565 1757 137 45 brutal
2722 1755 226 41 declaimers-

1635 1854 190 51 enjoying
1846 1850 67 39 the
1928 1843 194 41 comforts
2135 1837 48 39 of
2193 1848 53 30 an
2265 1830 163 56 English
2451 1828 72 39 fire
2537 1824 97 44 side,
2665 1826 44 34 to
2721 1824 91 35 rant
2831 1817 132 39 about

1641 1912 239 57 patriotism,
1909 1903 234 57 privations,
2161 1899 74 40 &C.
2261 1894 83 39 and
2370 1897 45 34 to
2443 1891 107 37 treat
2565 1884 69 40 the
2653 1892 103 41 poor
2773 1877 191 40 Asturian

1641 1975 78 41 and
1752 1971 198 43 Gallician
1984 1963 295 41 mountaineers
2297 1954 94 40 with
2424 1949 226 48 contempt,
2680 1943 170 38 because
2868 1937 99 52 they

1643 2050 71 27 are
1731 2041 72 34 not
1832 2027 182 57 capable,
2043 2039 47 26 en
2126 2031 141 31 masse,
2297 2016 47 40 of
2366 2009 227 54 displaying
2611 2019 26 26 a
2654 2004 148 51 degree
2817 1998 50 40 of
2880 2011 67 40 per-

1646 2108 210 32 severance
1877 2092 77 39 and
1967 2099 168 40 energy,
2163 2081 143 40 almost
2336 2072 163 57 beyond
2517 2070 69 39 the
2616 2065 119 41 reach
2757 2061 45 41 of
2819 2062 151 39 human

1649 2166 156 35 nature.
1860 2156 87 43 The
1980 2154 182 34 extreme
2181 2145 168 51 poverty
2382 2135 47 40 of
2444 2135 71 39 the
2532 2134 190 45 country,
2748 2121 133 40 would
2900 2133 48 27 ex-

1654 2235 94 43 pose
1765 2220 174 40 them'at
1955 2215 67 39 the
2041 2220 109 31 same
2181 2207 98 38 time
2295 2207 45 33 to
2370 2200 69 38 the
2457 2193 154 64 danger
2652 2189 51 39 of
2730 2184 246 44 starvation.

1657 2284 74 40 ;lad
1753 2283 90 52 they
1881 2272 231 59 persevered
2134 2272 37 35 in
2206 2267 66 39 the
2301 2258 202 45 romuantie
2530 2254 139 52 design
2698 2246 51 41 of
2772 2244 206 56 guarding

1658 2343 104 40 their
1796 2352 131 44 passes
1946 2336 157 47 against
2138 2329 69 39 the
2233 2323 198 41 invaders.

1711 2405 86 38 The
1828 2399 246 43 inhabitants
2092 2392 48 39 of
2163 2391 70 38 the
2246 2383 124 41 South
2395 2393 67 26 are
2492 2380 74 37 not
2591 2370 176 54 exposed
2796 2373 45 34 to
2868 2365 115 46 these

1662 2463 339 45 inconveniences.
2031 2453 124 41 Their
2177 2447 94 41 mild
2285 2446 163 39 climate
2467 2437 78 43 and
2564 2431 162 45 fruitful
2746 2428 74 40 soil
2838 2425 145 43 enable

1663 2528 110 41 them
1804 2530 45 35 to
1879 2518 148 43 sustain
2057 2515 70 40 the
2157 2512 138 52 rigour
2322 2505 48 39 of
2398 2512 25 28 a
2454 2502 139 38 winter
2611 2493 230 52 campaign.
2897 2487 92 40 The

1668 2590 142 52 'pring
1827 2590 252 34 commences
2096 2576 113 39 there
2237 2570 128 40 about
2383 2564 70 40 the
2473 2557 146 43 middle
2640 2554 51 41 of
2717 2554 79 38 this
2815 2546 141 41 month
2970 2561 18 30 4

1668 2649 77 41 and
1757 2648 94 40 thus
1869 2644 70 40 the
1958 2641 170 53 tyrant's
2147 2633 92 54 plah
2254 2631 37 56 is
2307 2622 221 47 frustrated
2556 2619 47 40 of
2628 2611 260 51 terminating
2920 2609 79 39 the.

1670 2709 176 41 business
1874 2704 144 50 during
2037 2700 71 40 the
2127 2695 152 40 winter.
2337 2691 61 39 An
2419 2682 137 43 armed
2589 2680 211 53 peasantry
2823 2683 70 26 are
2922 2682 48 27 na-

1674 2770 144 52 turally
1848 2764 165 57 obliged
2044 2765 45 38 to
2109 2757 118 43 retire
2248 2758 43 35 to
2321 2748 109 43 their
2459 2746 141 40 homes
2619 2737 149 50 during
2787 2734 69 39 the
2875 2730 102 41 incle-

1676 2845 137 39 mency
1845 2828 50 43 of
1918 2826 90 41 that
2036 2831 139 35 season
2190 2833 13 28 ;
2233 2816 72 38 but
2326 2810 34 40 if
2391 2807 103 41 their
2512 2803 112 52 spirit
2642 2802 50 38 be
2712 2797 69 39 the
2799 2805 125 33 same.,
2953 2802 46 28 as

1680 2908 57 28 we
1752 2894 105 39 have
1876 2902 52 26 no
1949 2896 139 30 reason
2107 2885 45 38 to
2169 2876 130 43 doubt
2319 2874 47 46 it,
2396 2867 77 43 and
2505 2867 31 39 it
2554 2862 209 43 continues
2789 2869 44 26 so
2852 2854 148 51 during

1680 2957 69 39 the
1778 2952 143 54 Spring
1952 2946 74 41 and
2063 2944 196 39 Summer,
2303 2935 282 40 BONAPARTE,
2657 2934 9 25 s

2674 2915 257 104 willob
2931 2913 72 39 the

1681 3015 171 43 number
1869 3009 50 40 of
1942 3005 168 44 soldiers
2133 3001 51 39 he
2204 2999 71 40 has
2300 2999 45 34 at
2375 2991 60 40 his
2454 2982 188 58 disposal,
2781 2978 52 39 he
2854 2973 90 41 able
2961 2978 46 34 to

1685 3077 120 43 make
1832 3086 53 28 no
1915 3064 233 57 impression
2178 3071 53 28 on
2249 3056 69 39 the
2336 3053 189 48 country.
2582 3043 89 40 The
2704 3035 202 52 desultory
2931 3028 78 45 and

1687 3135 195 58 irregular
1909 3129 118 43 mode
2054 3126 51 40 of
2128 3133 83 27 war
2238 3118 67 40 the
2337 3107 214 60 Spaniards
2569 3105 77 39 will
2676 3098 196 59 probably
2898 3103 115 45 wage

1689 3202 64 40 fur
1769 3198 72 41 the
1857 3194 155 41 future,
2035 3185 94 46 will,
2148 3184 52 50 by
2220 3181 178 51 degrees,
2417 3182 194 30 consume
2629 3167 61 38 hiS
2709 3163 143 39 forces.
2881 3155 131 40 ‘Vhen

1694 3267 48 37 he
1772 3262 99 38 least
1887 3257 164 48 expects
2085 3249 32 38 it.
2147 3256 83 27 new
2249 3239 148 52 armies
2424 3231 83 41 will
2526 3226 149 58 appear
2698 3226 39 39 in
2756 3223 61 40 his
2835 3231 106 32 rear,
2961 3228 58 31 oft

1694 3324 59 40 his
1778 3317 130 45 flanks
1928 3313 76 41 and
2022 3311 41 39 in
2091 3308 126 38 front.
2274 3299 72 44 His
2365 3289 280 47 detachments
2665 3286 78 40 will
2774 3285 52 38 be
2845 3285 64 37 cut
2934 3276 87 46 off;

1697 3390 50 39 he
1768 3384 80 41 will
1877 3381 51 39 be
1956 3371 216 46 straitened
2199 3367 65 40 for
2287 3360 230 59 provisions
2533 3373 13 28 ;
2575 3356 50 38 he
2649 3348 80 41 will
2761 3348 47 39 be
2835 3340 188 46 harassed

1698 3443 234 53 incessantly
1952 3452 52 27 on
2019 3446 119 39 every
2160 3429 98 41 side.
2317 3422 161 51 During
2494 3418 71 39 the
2594 3415 136 52 spring
2750 3407 77 43 and
2846 3413 177 33 summer

1701 3508 148 56 eights,
1876 3519 26 25 a
1918 3500 185 43 constant
2122 3493 130 40 alarm
2272 3484 78 41 will
2370 3484 51 38 be
2438 3480 105 53 kept
2559 3490 51 39 up
2631 3476 39 35 in
2691 3472 71 39 the
2778 3471 185 52 quarters
2982 3461 51 44 of

1703 3572 59 40 his
1779 3565 154 45 several
1951 3570 115 41 corps
2082 3574 12 30 ;
2122 3553 96 47 and,
2250 3544 217 52 according
2497 3546 45 34 to
2578 3539 152 39 human
2767 3526 265 59 probability.

1706 3630 174 46 Austria,
1896 3638 43 28 as
1955 3620 86 41 well
2060 3632 44 27 as
2122 3613 117 43 other
2258 3614 138 40 states,
2417 3604 83 40 will
2517 3600 92 56 give
2628 3596 86 40 him
2732 3604 113 32 some
2858 3599 151 44 occupa-

1708 3696 85 39 tion
1813 3690 130 43 about
1961 3684 93 41 that
2072 3676 22 44 t
2094 3676 22 44 i
2117 3676 69 44 me.

1761 3749 148 44 Would
1928 3746 32 40 it
1980 3745 94 40 then
2092 3741 52 40 be
2171 3731 159 61 politic,
2360 3743 48 27 or
2426 3719 255 47 honourable
2700 3717 40 40 in
2761 3725 77 30 oar
2858 3712 156 39 Govern-

1714 3820 124 40 ment,
1867 3808 124 44 under
2008 3806 113 39 these
2139 3798 325 41 circumstances,
2497 3791 45 34 to
2562 3782 110 43 relax
2693 3780 39 39 in
2754 3778 50 38 its
2820 3771 222 45 exertions,

1715 3891 47 27 or
1775 3870 177 58 despond
1972 3867 48 41 of
2043 3875 151 28 success
2210 3865 13 33 ?
2278 3855 74 39 Are
2367 3865 71 28 are
2453 3844 207 51 unwilling
2680 3844 44 37 to
2738 3831 201 47 entertain
2954 3831 94 40 that

1717 3938 128 56 paltry
1866 3931 164 58 opinion
2049 3922 50 44 of
2124 3922 70 40 the
2213 3911 334 52 understandings
2567 3905 78 40 and
2665 3904 137 39 hearts
2820 3896 50 41 of
2894 3891 151 44 British

1720 3999 213 41 Ministers.
1985 3986 113 44 With
2125 3997 25 27 a
2180 3977 184 60 particle,
2401 3984 119 33 even,
2567 3966 47 40 of
2639 3961 165 56 vulgar'
2822 3956 227 48 ambition;

1721 4061 96 41 with
1845 4070 26 28 a
1898 4052 128 43 desire
2052 4054 46 35 to
2114 4046 106 39 have
2250 4041 106 40 their
2392 4044 141 32 names
2567 4022 190 46 *recorded
2786 4016 162 57 heyOnd
2981 4013 72 40 the

1724 4123 197 56 precincts
1939 4113 48 41 of
2014 4111 70 40 the
2099 4103 155 45 church
2254 4098 22 57 -
2276 4098 90 57 yard
2366 4098 22 57 ,
2417 4095 40 41 in
2474 4089 130 44 which
2626 4087 97 52 oil
2747 4077 19 45 .
2766 4077 96 45 shall
2890 4080 53 38 be
2974 4078 80 34 One

1726 4188 78 51 day
1818 4175 190 48 entered;
2039 4169 96 41 with
2161 4167 70 41 the
2254 4160 183 57 Slightest
2466 4152 99 43 wish
2583 4153 43 38 to
2644 4141 193 63 promote
2854 4139 73 41 the
2942 4136 116 40 fame

1729 4245 79 45 and
1826 4237 324 61 preponderance
2181 4225 48 44 of
2255 4222 105 44 their
2392 4218 39 51 co
2431 4218 19 51 s
2450 4218 99 51 untry
2549 4218 20 51 l
2569 4218 20 51 .
2615 4209 99 53 they
2747 4204 85 44 will
2846 4206 211 51 persevere

3105 72 24 139 4.
3129 72 25 139 1‘

3159 309 17 59 ';

3110 360 13 44 1
3123 360 13 44 4
3170 371 8 48 1

3110 404 18 50 k
3128 404 18 50 a

3110 462 26 48 k

3116 578 9 89 i
3125 578 11 89 l
3136 578 21 89 t,
3170 543 5 123 1

3118 681 43 85 }k:
3175 670 8 48 1

3119 744 8 22 t

3120 769 6 26 I
3144 788 6 15 ,

3119 800 34 61 It

3119 865 12 120 4
3131 865 24 120 1,
3177 865 5 120 '

3123 1067 63 125 V

3133 1506 48 107 ki

3136 1839 45 165 ki

3138 1982 17 78 i

3138 2039 43 326 1

3141 2361 32 278 I

3146 2665 33 233 1

3149 2897 14 213 /
3164 3105 15 46 ,1

3154 3152 9 41 ,

3180 3784 19 50 1.1

0 0 15 43 I
