3201 4429
141 243 165 61 SAN.
352 239 79 50 15.

146 378 367 43 Non-Intercourse
535 361 74 41 Bill
627 361 51 39 be
698 356 138 54 passed
892 348 77 40 and
987 360 56 24 we
1071 356 119 26 never
1212 338 90 39 read
1322 335 45 37 of
1393 344 74 39 any

149 433 176 45 country
348 437 39 26 in
410 419 126 40 which
557 416 113 38 there
690 422 103 25 were
820 417 112 27 more
965 394 201 44 materials
1185 392 47 40 of
1256 404 22 25 a
1313 384 137 41 revolu-

156 485 106 44 tion,
293 480 99 40 than
410 474 115 40 there
544 481 65 27 are
631 471 43 34 at
689 465 156 51 present
865 459 39 37 in
924 451 194 43 America.

209 591 92 40 The
338 586 119 39 latest
493 581 191 40 accounts
717 573 106 37 from
855 575 133 43 spin,
1022 573 57 25 we
1098 568 66 28 arc
1183 565 107 39 sorry
1324 553 43 35 to
1398 557 85 31 say,
1517 552 6 39 I

159 643 170 44 contain
367 645 137 38 strong
526 630 189 41 allusions
742 630 41 32 to
804 622 66 37 the
900 614 204 47 treachery
1127 608 45 40 of
1196 618 107 27 some
1323 596 161 54 SpauiMh

162 693 211 46 Generals.
404 693 37 35 It
461 691 31 37 is
506 681 129 44 stated
653 680 89 39 that
763 677 213 37 CASTANOS
996 666 76 39 and
1093 666 163 35 I.T.smas
1272 658 98 37 have
1391 653 97 35 been

164 751 102 40 both
283 742 194 45 arrested,
493 737 79 43 and
593 736 87 39 that
702 733 152 35 MORLA
874 725 71 37 has
959 731 104 41 gone
1082 728 97 27 over
1191 718 44 32 to
1253 711 65 37 the
1329 715 158 39 enemy.

165 806 79 38 We
276 803 107 38 must
412 797 50 37 be
493 789 187 43 cautious
698 784 86 37 how
806 793 59 24 we
883 777 91 48 give
994 769 164 53 implicit
1178 764 124 39 credit
1320 765 40 32 to
1380 756 112 38 these

172 857 196 39 accounts
381 848 48 40 of
444 844 209 47 treachery
671 855 11 28 ;
713 835 64 38 for
797 844 58 26 we
875 831 118 35 know
1010 826 31 37 it
1059 831 45 27 to
1115 821 48 37 be
1182 829 76 25 one
1277 814 46 38 of
1354 810 70 39 the
1439 809 39 35 in-

172 906 132 44 fernal
330 908 80 34 arts
428 898 130 40 which
574 859 45 91 th
641 859 22 91 6
686 859 111 91 enemy
816 885 69 38 has
904 883 102 35 most
1023 867 248 52 successfully
1289 859 209 57 emplosed

175 963 136 52 agaist
330 957 61 39 his
410 948 246 45 adversaries
672 960 11 28 ;
718 943 72 37 but
809 950 50 26 an
891 930 145 44 official
1056 930 137 48 report
1209 922 105 37 from
1332 909 97 45 Geee
1429 909 73 45 ral

180 1017 86 37 O'N
280 1024 67 28 ELL
365 1015 44 33 to
451 1007 215 39 PALAFOICI
696 986 268 50 immediately
993 981 102 39 after
1114 980 66 35 the
1202 973 122 38 battle
181 967 1172 40 of
1354 966 148 145 'Cu-dela,
313 1058 145 58 plainly
478 1058 172 50 imputes
671 1054 41 33 to
733 1046 66 39 the
820 1036 220 54 incapacity
1062 1046 44 25 or
1122 1028 203 48 treachery
1346 1019 46 40 of
1410 1018 94 38 CAs-

185 1131 24 37 T
209 1131 123 37 ANOS,
332 1131 25 37 A
369 1114 71 39 the
459 1116 76 35 toss
560 1106 47 40 of
635 1104 87 40 that
738 1094 278 54 engagement.
1074 1088 41 34 In
1131 1080 124 41 either
1272 1088 85 27 case
1374 1072 50 37 he
1442 1068 43 38 de-

185 1170 144 51 served
348 1173 44 34 to
430 1166 48 38 be
515 1154 171 46 arrested
706 1169 11 26 ;
748 1150 74 38 and
852 1144 67 39 the
953 1139 159 54 Spanish
1149 1129 182 44 General,
1359 1123 92 39 who
1472 1120 37 37 in

185 1226 74 48 the
278 1222 163 53 present
456 1214 109 40 crisis
583 1209 46 39 of
660 1206 59 39 his
749 1204 187 45 country,
964 1205 72 27 can
1055 1191 51 38 be
1126 1185 128 54 guilty
1273 1181 46 39 of
1351 1175 155 46 visAing

187 1279 76 40 the
278 1273 308 50 head-quarters
605 1260 48 41 of
667 1259 67 40 the
750 1264 157 38 enemy,
935 1247 65 39 for
1019 1250 66 32 te
1100 1248 169 46 purpose
1286 1232 45 38 of

1342 1283 64 38 did
1358 1230 155 50 signing

191 1343 79 40 any
294 1328 113 52 thing
425 1324 39 35 in
483 1320 67 38 the
566 1316 104 38 form
690 1307 48 41 of
754 1322 22 25 a
795 1244 289 112 Capitulatiohn,
1114 1305 40 25 as
1178 1292 146 37 MORLA
1411 1307 11 18 ,
1452 1279 43 37 de-

193 1389 138 35 serves
351 1383 41 34 to
413 1376 50 38 he
483 1367 193 59 punished
698 1377 41 25 as
758 1374 22 25 a
798 1357 158 39 traitor.
1013 1346 176 47 Nothing
1209 1342 72 38 but
1296 1331 201 44 extraordi-

196 1446 104 39 nary
330 1427 211 43 measures,
570 1420 78 40 and
669 1417 67 39 the
756 1407 219 45 resolution
1005 1408 41 33 to
1067 1406 172 43 conquer
1264 1404 45 25 or
1341 1387 78 45 die,
1448 1394 71 27 can

196 1500 99 28 save
315 1485 89 40 that
415 1483 195 35 -country,

261 1540 76 37 We
373 1535 111 39 learn
504 1531 91 38 that
617 1538 21 25 a
669 1522 163 45 Convoy
867 1514 71 37 has
956 1508 128 39 bee
1083 1495 204 60 positively
1309 1486 214 57 appointed

204 1594 70 39 for
296 1587 176 44 Sweden,
503 1578 126 43 which
651 1576 32 39 is
702 1580 45 32 to
780 1583 52 39 go
865 1571 41 33 to
927 1559 104 43 Mars
1032 1519 19 78 n
1051 1519 113 78 trand,
1195 1551 33 38 if
1244 1543 25 47 G
1269 1543 25 47 o
1293 1543 229 47 ttenburgh

203 1648 158 38 cannot
380 1642 48 38 be
449 1628 256 60 approached
741 1637 52 25 on
813 1615 210 92 theiraccun
1024 1611 30 38 of
1071 1610 65 37 the
1167 1605 71 37 ice.
1297 1599 70 35 We
1385 1594 99 85 unde
1485 1594 50 85 of

1494 1604 17 24 r-

206 1696 137 45 stand,
371 1693 209 40 however,
611 1682 84 39 that
718 1672 155 51 though
1030 1665 86 50 port
1136 1655 47 41 of
1209 1655 66 38 the
1294 1646 175 48 shutting

207 1752 73 44 the
315 1743 170 43 Swedish
520 1742 111 50 ports
661 1729 155 54 against
852 1719 141 43 British
1025 1715 104 50 ships
1148 1710 32 38 is
1213 1698 228 46 considered
1465 1708 45 26 un-

210 1799 201 45 founded,
441 1807 64 32 or,
548 1798 112 32 more
691 1776 193 50 correctly
924 1767 208 56 speaking,
1162 1759 244 53 premature,
1437 1750 30 38 it
1505 1747 31 37 is

214 1847 267 47 understood,
511 1845 52 50 by
589 1848 159 44 persons
777 1833 37 38 in
835 1828 78 39 this
932 1824 171 45 country
1134 1814 89 37 who
1244 1809 99 39 have
1364 1804 69 39 the
1454 1801 81 37 best

216 1902 269 45 information
520 1894 96 39 with
644 1889 152 52 respect
817 1887 40 32 to
882 1872 169 45 Swedish
1082 1867 149 40 affairs,
1261 1860 86 38 that
1377 1856 67 38 the
1468 1856 70 34 Ar-

215 1957 159 45 Inistico
406 1954 180 39 between
618 1939 162 43 Russia,
809 1930 176 43 Sweden,
1015 1922 76 40 and
1131 1911 216 46 Denmark,
1371 1906 74 38 will
1466 1903 76 39 end

219 2011 40 39 in
293 2023 24 25 a
335 2009 149 47 Treaty
516 1998 47 41 of
591 2000 143 38 Peace,
764 1987 47 39 of
834 1981 129 41 which
986 1975 93 41 such
1097 1984 51 27 an
1167 1964 203 44 exclusion
1389 1956 79 40 will
1496 1957 48 37 be

221 2065 52 38 be
295 2073 77 25 one
400 2057 47 40 of
462 2056 70 38 the
550 2044 240 46 conditions.

279 2114 204 40 Accounts
517 2106 103 38 have
648 2100 100 37 been
782 2085 180 45 received
992 2082 106 38 from
1121 2074 70 41 the
1225 2066 164 44 Brazils,
1410 2061 47 39 of
1481 2060 67 38 the

226 2165 330 43 discontinuance
588 2153 46 40 of
663 2151 71 38 the
763 2141 224 43 armament
1024 2126 185 45 intended
1241 2130 40 32 to
1307 2118 159 40 enforce
1486 2112 67 38 the

227 2217 253 57 pretensions
498 2210 50 39 of
557 2207 70 40 the
648 2200 135 43 Infant
806 2199 85 35 Don
909 2189 129 40 Pedro
1058 2183 90 40 Luis
1161 2184 43 33 to
1220 2176 65 39 the
1300 2167 250 50 sovereignty

230 2272 52 39 of
301 2274 155 37 Buenos
490 2267 138 48 Ayres.
685 2256 34 37 A
749 2243 252 57 negotiation
1035 2235 96 40 with
1165 2231 67 39 the
1254 2223 137 56 peoi,le
1410 2219 46 38 of
1474 2218 83 37 that

234 2324 168 44 colony,
430 2319 63 39 for
529 2327 51 27 an
601 2306 196 45 amicable
829 2293 296 52 arrangement,
1156 2281 126 41 under
1304 2276 65 39 the
1402 2275 135 51 protec-

234 2382 92 35 tion
360 2373 48 40 of
425 2365 198 57 England,
656 2372 78 27 was
759 2357 39 35 in
820 2363 92 38 very
951 2339 181 46 forward
1162 2342 196 45 progress.
1417 2327 34 35 It
1491 2333 73 26 was

239 2425 148 53 manag
386 2425 60 53 ed
483 2422 51 51 by
556 2419 58 39 Sir
635 2417 38 37 S.
715 2405 118 46 Smith
833 2405 25 46 ,
887 2401 107 43 who,
1026 2392 90 40 with
1152 2402 24 25 a
1196 2387 97 37 view
1325 2386 41 32 to
1387 2378 51 39 its
1455 2386 83 28 com-

241 2481 174 53 pletion,
444 2487 79 27 was
543 2472 128 38 about
689 2469 44 34 to
754 2454 168 58 proceed
943 2453 38 37 in
1000 2456 141 45 person
1161 2446 45 32 to
1227 2435 78 40 Rio
1318 2433 47 38 de
1384 2430 38 39 la
1443 2426 124 40 Plata.

242 2535 91 38 The
353 2528 143 56 people
534 2523 48 39 of
621 2522 156 37 Buenos
814 2512 129 47 Ayres
986 2491 208 63 expressed
1214 2490 67 38 the
1315 2484 175 52 greatest
1514 2489 54 26 re-
1589 2480 1 103 '

248 2589 113 50 spect
394 2581 76 38 and
506 2570 203 59 gratitude
745 2564 64 37 for
844 2559 70 38 the
951 2552 175 41 conduct
1144 2559 64 76 oar
1209 2537 195 54 Englan,
1433 2533 38 37 in
1482 2529 91 103 thet

1553 2541 21 25 e

249 2640 118 39 recen
367 2640 24 39 t
429 2631 308 40 circumstances
772 2614 46 40 of
852 2609 133 53 Spain.
1042 2602 86 38 The
1165 2590 51 50 ar
1215 2590 230 50 rangement

254 2688 155 53 sought
446 2689 40 33 at
526 2682 86 38 first
647 2685 80 27 was
746 2680 77 27 one
839 2665 46 39 of
901 2659 152 54 perfect
1085 2644 305 54 independence,
1420 2634 98 41 both
1539 2630 44 40 of

257 2747 154 37 France
432 2735 76 40 and
542 2731 48 40 of
614 2728 69 39 the
709 2720 159 41 Mother
887 2717 176 43 Country
1081 2722 12 27 ;
1123 2702 77 39 and
1233 2693 152 52 though
1408 2691 70 38 the
1496 2698 64 26 suc-

262 2807 86 27 cess
359 2792 47 40 of
418 2791 67 37 the
502 2783 178 43 Patriots
697 2787 89 38 may
806 2773 103 35 have
928 2753 276 51 subsuently
1225 2747 132 41 varied
1376 2743 89 39 that

1453 2794 31 37 it
1478 2743 107 50 plan,

265 2862 45 26 as
330 2846 64 39 far
424 2855 43 26 as
504 2841 32 38 it
568 2830 151 45 related
741 2832 43 33 to
822 2820 72 39 Old
930 2776 69 92 Spai
998 2776 34 92 eq
1032 2776 34 92 n,
1093 2811 32 38 it
1155 2807 30 38 is
1207 2800 119 51 likely
1349 2799 90 37 that

265 2913 94 30 now
376 2898 51 38 be
446 2888 184 47 resumed
652 2891 43 32 to
715 2883 50 35 its
781 2875 73 41 full
874 2872 152 39 extent.

327 2956 35 35 It
379 2952 30 38 is
437 2946 83 40 said
541 2943 69 38 the
647 2931 144 58 people
820 2927 48 39 of
886 2927 155 37 Buenos
1062 2919 123 46 Ayres
1199 2909 103 38 have
1338 2895 197 60 proposed
1551 2898 43 33 to

270 3012 48 33 to
339 3007 109 37 erect
482 2998 107 40 their
608 2993 169 44 country
797 2983 85 37 into
913 2991 48 25 au
983 2965 261 57 independent
1266 2954 235 47 monarchy,
1524 2944 71 40 and

274 3065 47 33 to
343 3056 113 54 place
470 3052 69 40 the
556 3052 139 33 Crown
715 3051 50 27 on
784 3035 66 40 the
867 3028 99 40 head
985 3024 45 38 of
1045 3022 66 39 the
1131 3028 159 77 consolV
1292 3017 21 85 .rt
1315 3022 24 77 o
1338 3022 73 77 and
1431 3060 18 37 s
1342 3007 19 38 f

1485 3060 58 34 ter
1561 3050 43 39 of

1376 3006 69 38 the
1462 3001 138 40 Prince

279 3112 180 51 Regent,
489 3103 91 39 who
611 3099 32 37 is
673 3094 70 40 the
762 3084 198 54 daughter
990 3076 48 39 of
1064 3069 163 45 Charles
1452 3056 152 39 is

280 3157 230 47 Ferdinand
531 3155 89 38 VII.

339 3219 265 51 Wednesday,
632 3215 43 35 at
702 3202 143 45 twelve
876 3193 175 46 o'clock,
1082 3183 106 43 their
1209 3174 202 53 Majesties
1431 3168 76 41 and
1541 3165 66 38 the

283 3278 223 40 Princesses
526 3263 158 46 arrived
723 3265 41 33 at
794 3255 69 38 the
893 3247 171 46 Queen's
1093 3236 145 41 Palace
1269 3231 100 39 from
1406 3220 197 41 Windsor,

288 3343 102 28 soon
410 3327 105 40 after
535 3318 126 43 which
679 3315 67 37 the
768 3307 141 41 Prince
928 3300 47 39 of
999 3292 144 44 Wales,
1165 3288 69 39 the
1256 3281 135 41 Dukes
1409 3275 48 40 of
1480 3270 132 43 York,

292 3376 287 47 Cumberland,
609 3374 155 34 Susst!v,
795 3358 76 43 and
909 3346 255 50 Cambridge,,

1372 3341 111 40 upon
1512 3322 103 41 their

299 3433 221 53 Majesties,
533 3433 44 33 to
596 3436 74 41 pay
691 3417 105 41 their
817 3411 184 48 respects.

350 3491 56 38 At
424 3493 81 33 two
526 3476 175 45 o'clock,
723 3471 58 38 his
801 3465 169 50 Majesty
993 3452 87 41 held
1102 3463 22 24 a
1143 3446 156 53 private
1320 3441 142 38 Levee.

353 3542 87 39 The
464 3531 213 50 following
700 3523 77 41 bad
795 3520 66 39 thc
881 3516 158 38 honour
1065 3503 47 41 of
1127 3500 120 50 being
1276 3485 204 61 presented
1501 3487 43 34 to
1561 3477 61 41 his

302 3596 174 50 Majesty

352 3667 81 34 The
456 3661 90 37 Earl
576 3656 41 35 of
645 3645 169 43 Plymout
814 3645 50 43 h,
892 3650 46 24 on
956 3632 143 44 coming
1119 3633 35 28 to
1188 3622 56 34 his
1276 3617 104 38 title;

1410 3607 191 39 Brinadier-

343 3725 58 25 en.
424 3713 183 34 Houston,
627 3712 44 22 on
697 3689 57 44 his
780 3690 181 39 marriage
976 3697 12 26 ;
1022 3669 302 52 Brigadier-Gen.
1343 3660 175 37 Erskine,
1537 3661 93 37 upon

311 3762 59 35 Lis
389 3756 234 52 promotion;
650 3750 110 43 Capt.
784 3738 131 37 (;artit,
938 3733 44 33 R.
1006 3729 48 35 N.
1077 3733 97 35 upon
1263 3709 234 51 promotion;
1524 3704 106 40 Capt.

319 3811 240 33 Philliroore,
581 3802 48 33 R.
648 3796 50 35 N.
728 3800 94 37 upon
844 3785 52 33 his
917 3775 234 51 promotion;
1178 3767 63 33 the
1258 3761 86 35 Earl
1362 3757 44 34 of
1421 3746 216 48 Liverpool,

321 3870 22 22 o
387 3856 141 39 coming
556 3856 37 26 to
614 3846 57 34 his
699 3841 80 35 title
795 3850 11 27 ;
835 3834 57 32 Sir
909 3829 161 33 Thomas
1087 3811 255 41 Trowbridge,
1371 3814 47 25 on
1443 3798 142 41 coming
1602 3798 39 28 to

317 3909 61 35 bis
394 3907 98 35 title,
522 3898 69 35 and
611 3901 122 28 return
752 3888 91 31 from

376 3966 89 41 Col.
491 3957 254 45 Drinkwater
767 3943 78 41 Jail
866 3935 137 43 before
1028 3930 38 90 hi
1111 3924 171 47 Majesty
1305 3913 66 41 the
1393 3904 150 57 Eighth
1561 3904 54 38 Re-

326 4026 94 53 port
438 4016 47 40 of
502 4015 66 38 the
589 4002 326 46 Coturniistott,.!rs
934 3987 47 40 of
1000 3981 170 47 N.itary
1199 3969 174 54 Inquiry.

385 4074 70 41 His
477 4065 165 51 Majesty
669 4055 89 43 hell
780 4065 21 24 a
826 4046 115 47 Privy
961 4032 177 47 Coulieit,
1161 4028 74 39 and
1256 4033 99 41 .4ave
1376 4012 208 43 audiences
1602 4011 45 34 to

332 4131 69 39 the
425 4121 118 44 Duke
565 4115 46 40 of
630 4103 203 48 Portland,
855 4097 74 40 and
952 4095 65 37 the
1033 4088 113 40 other
1168 4080 165 40 Cabinet
1358 4068 211 41 Ministers.

389 4180 87 41 The
506 4165 135 58 Royal
661 4157 154 52 Family
937 4139 190 59 ty:pected
1160 4140 41 34 to
1233 4126 149 45 mania
1404 4134 39 27 In
1461 4126 107 32 town
1594 4110 59 41 till
1670 4110 1 112 !,

338 4237 81 40 fter
442 4231 65 38 the
527 4217 243 46 celebration
790 4207 46 41 of
852 4205 66 39 the
941 4196 170 46 (Ineeti's
1131 4183 220 47 birth-d:ty.

309 4297 6 2 -
386 4278 221 45 Vesteedav
632 4286 21 24 tt
676 4259 17 51 C
692 4259 51 51 .,,
743 4259 119 51 ari::)f
1191 4235 91 43 11211
1350 4230 69 39 th?
1437 4226 98 39 F.ast

366 4345 27 17 T.

549 4322 115 51 uheu
711 4320 67 43 the
826 4294 359 61 underinentioal
1222 4281 304 53 Commanders,
1569 4279 99 34 tc.00,-,

802 4370 17 4 -
1054 4367 19 4 -

1007 210 144 51 TIIE
1186 198 370 58 NATIONAL
1590 185 370 59 REGISTER.

2761 146 69 50 43

1535 326 124 43 leave,
1689 322 185 51 previous
1891 322 41 32 to
1950 309 211 54 tlepartig
2194 306 61 35 for
2285 299 104 37 their
2425 287 219 52 re*pectite
2675 281 168 35 i`stina.

1543 383 115 38 tICIIM,
1690 389 15 24 V
1716 380 15 32 i
1731 380 32 32 7.
1781 389 64 20 :

1587 431 159 44 Captain
1776 428 41 32 E.
1841 425 41 32 C.
1904 415 197 39 Bradford,
2130 412 41 34 of
2184 409 60 34 the
2277 403 93 35 Lord
2394 400 152 33 Duncan
2564 403 9 25 ;
2601 386 70 34 and
2688 381 163 46 Carain

1543 480 39 35 J.
1602 476 189 43 Carnep,k,
1815 472 40 33 of
1869 470 61 33 the
1955 467 148 39 Baring,
2131 459 58 33 for
2205 454 145 33 'Madras
2367 448 69 33 And
2463 437 149 45 Bengal.

1593 526 159 43 Captain
1786 520 59 32 W.
1879 513 204 38 Hamilton,
2113 507 43 32 of
2169 506 61 31 the
2254 500 96 33 Lady
2378 485 20 43 C
2398 485 21 43 a
2419 485 191 43 stlereagh
2626 495 12 25 ;
2691 490 19 21 n

2665 480 69 32 ad
2753 477 74 41 Cap-

1550 576 72 33 tain
1646 572 57 35 W.
1726 568 45 35 P.
1801 565 195 35 D'Esterre
1996 565 22 35 ,
2044 556 43 34 of
2111 555 64 32 the
2198 546 83 38 i.;:j
2281 546 17 38 t
2297 546 33 38 ed
2362 542 116 34 kitaio
2478 542 19 34 ,
2497 542 40 34 n,
2564 533 54 33 for
2639 531 53 31 St.
2713 526 144 35 ticleou

1548 625 67 31 and
1642 617 150 43 Itengt:l.

1603 669 53 35 At
1693 661 109 37 three
1834 651 157 46 &clock
2027 650 145 43 vestert:
2172 650 18 43 -
2190 650 38 43 r,
2255 638 231 39 afternoon,
2515 624 67 39 the
2614 617 164 57 packets
2796 613 64 37 for

1556 719 110 38 India
1687 728 25 21 %I
1711 725 18 26 -
1729 725 56 26 ere
1824 706 131 41 finally
1980 702 146 40 closed,
2169 696 65 35 the
2262 690 107 48 ships
2405 674 247 57 dispatched,
2692 669 76 39 and
2796 665 70 37 the

1558 774 135 35 Pursta
1704 780 14 24 s
1739 759 167 43 ordered
1924 765 43 31 to
1988 756 110 38 leave
2121 758 104 30 town
2245 743 65 38 for
2328 728 256 50 Portsmouth
2604 726 37 35 in
2659 722 69 38 the
2746 730 117 26 eNs:'l4-

1543 771 1 100 '
1559 826 79 46 lug.
1697 813 83 41 The
1813 811 91 41 lied
1922 811 31 35 is
1970 800 191 65 expected
2184 802 43 33 to
2259 795 103 47 drop
2381 788 113 38 down
2532 784 44 33 to
2615 778 54 34 St.
2694 771 174 39 Helea'::,

1560 887 50 26 on
1631 874 37 32 `;',
1683 866 208 43 Aut.sday,
1922 860 77 39 and
2034 862 44 33 to
2112 850 71 40 sail
2219 859 52 26 on
2298 837 222 48 Thursday.
2580 828 89 39 The
2688 823 71 41 Clo

2759 888 43 24 ve
2764 820 109 39 rinde

1563 927 159 50 frigate,
1754 919 125 38 which
1899 919 172 41 convoys
2108 905 66 39 the
2193 900 109 43 fleet,
2337 895 31 35 is
2385 882 194 59 eNpected
2608 886 45 32 to
2674 875 200 40 arriat

1572 972 257 45 Portsmouth
1852 969 76 38 this
1946 965 91 50 day.

1623 1028 168 39 Various
1821 1029 183 31 rumours
2040 1013 103 37 have
2186 1006 99 35 been
2326 996 123 39 afloat
2476 990 65 39 for
2572 984 67 40 the
2666 981 76 37 last
2769 977 112 38 three

1570 1084 111 48 days,
1711 1074 219 53 respectino
1964 1080 51 26 an
2049 1057 181 44 intended
2267 1052 164 45 Change
2461 1044 40 37 in
2538 1029 341 48 Administration.

1574 1136 67 34 We
1672 1133 99 38 Have
1792 1103 137 61 heard
1933 1119 65 39 the
2017 1126 135 30 names
2184 1108 46 39 of
2256 1100 151 44 several
2443 1098 59 37 Ex
2525 1094 237 37 Statesinew
2776 1093 81 26 men-

1576 1185 130 39 tioned
1728 1192 39 26 as
1786 1180 69 37 the
1876 1168 194 58 probable
2098 1169 215 34 successors
2333 1152 48 39 of
2407 1159 110 30 some
2537 1142 46 39 of
2606 1140 59 38 his
2686 1135 20 48 -
2706 1135 182 48 Majesty's

1580 1239 210 37 Ministers,
1821 1230 73 39 but
1915 1224 78 39 this
2021 1232 51 27 on
2105 1211 175 58 grounds
2301 1214 72 32 too
2392 1191 253 58 conjectural
2673 1191 63 40 for
2757 1186 135 52 public

1578 1290 201 39 credence.

1631 1341 86 38 The
1741 1336 198 39 Alcmene,
1974 1328 50 38 3$
2056 1333 116 41 guns,
2205 1310 168 54 Captain
2402 1299 210 45 Tretulett,
2644 1293 120 48 being
2790 1302 51 24 on
2871 1298 25 27 a

1581 1394 137 39 cruize
1752 1387 63 39 off
1857 1381 200 43 L'Orient,
2099 1371 74 39 aad
2207 1363 224 56 perceiving
2467 1361 69 38 too
2571 1351 125 45 heavy
2732 1344 165 47 frigates

1583 1446 184 46 standing
1786 1439 63 39 off
1861 1436 131 40 shore,
2014 1421 191 52 gallantly
2228 1407 280 50 endeavoured
2533 1410 43 30 to
2597 1400 93 48 brin
2691 1400 24 48 g
2731 1395 106 38 them
2857 1398 43 31 to

1586 1498 150 43 action,
1757 1494 73 37 but
1854 1488 91 39 they
1967 1483 150 41 having
2137 1476 65 37 the
2222 1473 102 37 start
2353 1466 40 37 of
2431 1460 66 38 the
2520 1454 203 40 Alcmene,
2743 1446 72 40 tied
2837 1439 65 44 for

1589 1548 143 40 shelter
1765 1545 84 37 into
1885 1533 222 44 Rochefort
2138 1524 193 40 harbour,
2352 1512 164 41 whither
2535 1508 109 37 close
2665 1502 39 35 in
2724 1499 91 38 with
2833 1496 73 38 the

1592 1602 77 39 hue
1701 1598 45 39 of
1770 1591 125 43 battle
1926 1589 105 48 ships
2065 1580 73 39 and
2171 1573 188 41 batteries
2388 1567 113 48 Capt.
2518 1556 197 41 Tremlett
2735 1547 176 54 pursued

1594 1655 129 40 them,
1740 1648 74 39 and
1834 1643 65 40 did
1919 1644 71 35 not
2011 1635 145 40 retreat
2186 1626 58 39 till
2265 1626 48 35 he
2334 1613 175 46 received
2529 1605 150 43 several
2702 1605 209 48 forty-two

1596 1703 136 54 pound
1767 1700 109 39 shots
1907 1706 50 26 on
1989 1685 125 41 board
2133 1682 69 38 the
2223 1677 200 40 Alcmene.
2481 1656 256 50 Fortunately
2760 1655 67 38 she
2851 1664 41 25 re-

1598 1755 138 41 ceived
1757 1766 51 25 no
1826 1749 185 45 damage,
2031 1736 76 41 and
2131 1744 78 26 was
2238 1731 71 35 not
2328 1719 169 58 pursued
2517 1717 48 47 by
2588 1724 73 37 any
2687 1714 39 31 of
2748 1708 66 35 the
2836 1704 81 38 line

1600 1809 47 39 of
1664 1804 123 41 battle
1808 1802 119 48 ships,
1948 1795 91 37 who
2059 1791 61 47 lay
2143 1796 96 38 very
2268 1775 150 56 quietly
2440 1776 41 33 at
2507 1765 151 41 anchor
2674 1759 142 51 during
2849 1757 70 37 ilia

1604 1858 128 44 whole
1749 1852 256 43 iransaction.

1657 1915 59 35 On
1735 1909 69 38 the
1820 1904 69 39 oth
1911 1900 46 39 (,f
1985 1890 228 46 November
2245 1897 51 28 an
2330 1871 256 47 insurrection
2604 1863 105 58 took
2738 1860 110 54 place
2881 1861 44 34 at

1613 1965 167 50 Algiers.
1835 1956 86 38 The
1941 1948 135 43 Turks
2108 1954 64 27 ros
2172 1954 22 27 e
2211 1936 74 40 and
2320 1925 208 50 murdered
2545 1922 66 39 the
2637 1920 78 46 Dcy
2735 1930 12 28 ;

2776 1915 73 37 but
2875 1910 52 39 he

1613 2030 26 24 w
1639 2030 26 24 a
1665 2030 26 24 s
1708 2024 98 28 soon
1828 2002 184 56 replaced
2033 2000 51 51 by
2102 1991 71 43 ano
2173 1991 97 43 ther
2290 1985 46 39 of
2368 1983 66 38 the
2456 1988 106 26 same
2581 1982 132 27 name,
2747 1964 73 44 Ali,
2850 1975 48 25 an
2906 2013 26 40 d

2903 1961 26 40 d

1613 2080 119 37 every
1747 2065 115 47 thing
1872 2070 77 26 was
1967 2043 123 52 immed
2089 2043 123 52 iatel
2212 2043 25 52 y
2254 2053 41 26 as
2309 2036 21 53 q
2330 2036 89 53 uiet
2435 2044 43 26 as
2493 2028 34 39 if
2541 2024 171 48 nothing
2730 2023 40 33 at
2789 2015 51 41 all
2854 2015 48 38 ha

1617 2114 226 58 happened.

1672 2174 59 35 On
1770 2160 209 51 Thursday
2016 2152 116 56 night
2166 2160 76 28 one
2278 2143 47 39 of
2356 2139 67 39 the
2460 2135 137 39 Dover
2635 2121 273 50 fishiag-boats
2908 2121 21 50 t

1622 2220 144 57 picked
1787 2232 70 35 up,
1878 2228 24 25 a
1918 2213 77 38 few
2015 2207 112 39 miles
2145 2202 106 39 from
2271 2196 67 39 the
2357 2192 132 40 shore,
2526 2197 24 25 a
2569 2177 115 44 small
2705 2173 109 45 cask,
2842 2183 72 27 con-

1625 2275 154 48 taining
1817 2265 146 43 French
1989 2262 276 46 Newspapers,
2311 2242 126 43 which
2476 2248 105 27 were
2616 2230 123 40 taken
2781 2230 44 34 to
2870 2223 69 38 the

1629 2322 311 47 Custom-house
1972 2327 40 26 as
2041 2323 96 27 soon
2159 2320 41 25 as
2219 2304 66 38 the
2306 2300 98 37 boat
2422 2285 170 46 reached
2611 2285 69 37 the
2698 2280 132 44 shore,
2864 2272 79 43 and

1631 2375 189 51 instantly
1841 2366 226 46 forwarded
2087 2368 43 32 to
2150 2352 287 46 Government.

1684 2434 60 34 On
1761 2430 67 38 the
1845 2435 106 27 same
1969 2415 170 48 evening
2172 2409 69 39 the
2269 2404 141 40 Active
2437 2391 133 44 armed
2598 2391 132 34 cutter
2820 2446 20 22 a

2750 2375 200 57 captured

1636 2499 22 25 a
1678 2481 111 41 small
1821 2473 150 43 French
2003 2470 135 50 lugger
2138 2470 24 50 ,
2194 2456 209 46 mounting
2433 2458 77 28 one
2539 2453 98 40 gun,
2670 2435 77 40 and
2779 2428 171 43 manned

1641 2535 92 41 with
1766 2531 185 51 eighteen
1985 2533 105 32 men,
2128 2512 145 48 having
2303 2519 51 26 on
2382 2498 125 48 board
2536 2489 151 44 several
2718 2485 162 53 packets
2908 2480 47 38 of.

1645 2585 148 43 i'reneh
1827 2593 157 40 papers,
2019 2580 43 32 to
2092 2570 51 38 be
2176 2555 234 48 distributed
2441 2551 125 39 about
2594 2544 69 38 the
2691 2543 120 37 coast.
2867 2533 89 39 Thu

1646 2641 107 52 prize
1772 2637 71 38 has
1863 2643 104 27 since
1987 2621 156 44 arrived
2163 2619 40 38 in
2223 2614 67 39 the
2311 2613 158 37 Downs.

1698 2692 72 38 We
1798 2699 69 27 arc
1894 2674 220 52 extremely
2135 2680 110 39 sorry
2267 2670 44 33 to
2331 2662 99 38 have
2454 2661 43 33 to
2525 2654 104 37 state
2647 2644 70 39 the
2735 2641 77 39 loss
2831 2637 47 40 of
2893 2637 70 39 the

1655 2748 189 37 Banterer
1863 2735 113 50 sloop
1997 2730 47 40 of
2072 2738 77 28 war
2164 2738 12 28 ;
2204 2720 66 38 the
2289 2711 129 43 whole
2437 2707 48 40 of
2499 2705 67 39 the
2583 2711 100 30 crew
2705 2707 100 26 were
2826 2689 135 40 saved.

1611 2793 129 100 iThe
1760 2787 265 45 information
2043 2781 70 39 has
2143 2769 167 46 reached
2337 2778 45 25 us
2399 2764 50 48 by
2472 2772 22 25 a
2516 2757 116 38 letter
2649 2750 104 39 from
2773 2747 67 34 the
2867 2743 98 39 First

1659 2846 255 43 Lieutenant,
1938 2835 178 41 William
2137 2823 170 54 Ogilvie,
2341 2815 78 41 and
2440 2828 28 24 is
2494 2806 117 44 dated
2639 2805 103 37 Nov.
2757 2802 64 40 25,
2857 2797 113 40 1808,

1659 2902 105 39 from
1783 2897 70 38 the
1874 2893 123 39 River
2019 2890 56 35 St.
2098 2884 224 37 Lawrence.

1715 2950 162 47 Sittings
1897 2935 215 61 appointed
2141 2934 39 37 in
2200 2923 220 44 'Middlesex
2440 2916 73 39 and
2536 2910 184 40 London,
2738 2902 142 40 before
2908 2897 67 38 the

1667 3004 129 52 Right
1814 3001 107 37 Hon.
1945 2994 60 39 Sir
2026 2994 136 35 James
2181 2973 222 47 Mansfield,
2422 2970 97 39 Knt.
2556 2963 104 39 Lord
2696 2955 113 41 Chief
2828 2952 151 39 Justice

1668 3058 48 39 of
1731 3056 59 39 his
1809 3048 206 51 Majesty's
2034 3043 126 39 Court
2191 3032 46 40 of
2265 3031 196 38 Common
2484 3017 129 45 Pleas,
2633 3018 44 34 at
2691 3006 288 43 Westminster,

1671 3113 39 35 in
1729 3106 77 41 and
1826 3103 104 39 after
1950 3096 141 51 Hilary
2112 3093 135 37 Term,
2270 3081 97 38 1809
2383 3093 65 22 :

2226 3167 46 26 IN
2303 3158 137 31 TERM.

2583 3209 195 30 LONDON.

1850 3239 272 37 MIDDLESEX,

1678 3296 31 34 T
1859 3300 288 24 ............
2154 3273 86 33 Jan.
2267 3214 76 87 241
2368 3255 25 41 W
2393 3255 175 41 ednesda
2568 3255 26 41 y
2838 3243 89 34 Jan.
2952 3239 45 33 25

1687 3337 224 41 Wednesday
1930 3348 220 19 ..........
2160 3319 93 35 Feb.
2298 3315 13 32 1
2366 3305 170 43 Thurmtay
2536 3305 21 43 .
2846 3289 92 34 Feb.
2972 3291 30 37 ~!.

2294 3361 18 33 1
2369 3353 169 41 Tuesday
2982 3334 22 32 8

1688 3389 157 40 Monday

2437 3428 52 1 ___

2200 3441 138 30 AFTER
2370 3432 135 30 TERM.

1689 3509 170 41 Tuesday
1890 3516 267 24 ............
2166 3489 90 33 Feb.
2285 3483 39 34 14
2347 3477 7 47 I
2381 3470 224 43 Wednesday
2854 3457 94 34 Feb.
2970 3454 40 34 15

1735 3563 200 47 Tucistlay
1959 3557 69 39 the
2055 3548 104 43 Lord
2172 3547 143 46 Mayor
2336 3530 164 46 ordered
2515 3529 69 38 the
2595 3526 109 52 price
2720 3520 45 38 of
2779 3515 119 41 bread
2913 3519 43 33 to
2967 3513 50 35 be

1697 3617 24 45 r
1721 3617 24 45 e
1744 3617 122 45 duced
1885 3626 50 27 an
1955 3609 123 39 assize
2093 3601 77 41 and
2187 3611 25 25 a
2237 3591 97 45 halt,
2365 3601 46 25 or
2439 3583 48 40 3d
2504 3583 38 38 in
2558 3580 67 37 the
2648 3574 102 54 peck
2772 3570 96 41 loaf,
2889 3565 128 39 which

1698 3673 99 41 took
1815 3669 112 52 place
1941 3661 143 47 to-day
2100 3674 9 20 :
2143 3652 66 40 the
2238 3648 191 48 quartern
2458 3633 89 43 loaf
2561 3631 183 40 wheaten
2776 3624 31 38 is
2825 3632 87 28 now
2934 3615 86 41 sold

1701 3728 64 39 for
1786 3730 52 33 Is.
1943 3713 77 40 and
2037 3702 221 48 household
2277 3704 50 31 Is.
2347 3691 89 51 00.

1754 3785 223 44 Statement
1995 3775 48 43 of
2059 3774 65 38 the
2143 3763 184 59 quantity
2362 3758 73 37 o
2435 3758 139 44 stronp:
2607 3748 111 41 beer,
2740 3736 230 86 denoinate
2970 3736 52 86 ut

2996 3732 26 38 d

1707 3846 159 38 Porter,
1887 3830 155 44 brewed
2063 3828 51 48 by
2137 3823 67 38 the
2223 3819 86 39 first
2327 3807 145 43 twelve
2494 3806 151 38 nooses
2727 3793 128 41 Londo
2856 3751 50 83 mn,
1707 3787 549 97 trout
2256 3787 767 97 Porter,

1709 3898 66 39 the
1794 3893 71 39 sth
1886 3885 111 52 July,
2023 3883 112 39 1305,
2152 3880 43 33 to
2218 3870 66 39 the
2303 3862 71 41 sth
2406 3863 196 43 January,
2622 3857 13 32 I
2646 3854 74 34 SO9
2735 3863 63 21 :

2197 3941 154 40 Barrels

1717 4020 159 40 Barclay
1898 4022 315 26 ..............
2219 3989 126 44 61,361

1720 4072 27 33 B
1747 4072 54 33 ro
1801 4072 54 33 wn
1874 4059 70 37 and
1959 4058 118 39 Parry
2091 4069 124 17 ......
2220 4036 135 44 4.8,196

1723 4116 178 38 ilanbury
1952 4084 404 58 ............41,531

1727 4155 216 44 Whitbread
1955 4166 262 24 ............
2224 4131 132 40 40,119

1728 4214 112 34 Minix
1865 4214 353 28 ................
2228 4180 131 40 5902

1734 4261 43 35 1-.%
1792 4257 150 39 Calve::
1958 4261 265 26 ............
2230 4230 107 45 33,62

2881 3912 151 39 Barrels

2399 3981 137 37 Combe
2903 3959 94 43 '25,4
2998 3959 38 43 39

2404 4030 141 43 Taylor
2910 4007 125 41 18,005

2407 4076 191 41 Goodwyn
2915 4054 124 41 15,67A

2407 4126 38 34 J.
2463 4126 63 32 Cal
2535 4126 77 28 vert
2911 4102 123 40 1.1,881

2412 4174 135 34 Elliott

2414 4222 145 34 CIOIN.CS
2919 4200 12 32 1
2947 4196 96 44 ?,9t3

0 0 53 47 IN

3162 1558 2 35 :
3164 1558 11 35 ?..
3175 1558 4 35 1
3178 1558 11 35 ..:

3176 1554 22 117 1

3154 1592 33 17 ...,_

3118 2865 76 222 I

3120 3309 46 120 1

3123 4218 50 41 ~.s
