3201 4429
0 3393 9 19 r

4 3448 15 33 ~,

217 128 162 54 JAN.
424 126 79 53 15.
591 163 71 12 .._,

613 276 242 32 SATURDAY,
883 276 200 26 JANUARY
1114 266 60 34 14.

275 320 216 43 Yesterday
511 319 190 43 Margaret
724 319 237 43 Barrington,
979 318 92 34 alias
1090 317 141 39 Grinies
1266 313 91 35 alias
1376 309 172 40 Graham,

1302 353 9 6 •.

716 366 14 4 -
793 365 13 5 -
973 365 2 5 _

226 379 81 25 was
326 360 163 43 indictea
511 366 183 45 capitally
712 365 58 35 for
789 365 220 44 feloniously
1035 364 149 41 making
1207 373 24 21 a
1261 353 89 41 fa'se
1377 357 174 39 affidavit,

229 418 73 34 and
347 417 157 43 thereby
552 415 193 44 obtaining
789 415 124 32 letters
956 415 41 32 of
1029 407 293 39 administration
1357 415 38 26 to
1430 405 124 35 obtain

339 467 50 32 Is.
416 465 60 33 6d.
498 463 279 45 prize-money,
808 459 69 34 due
907 467 39 28 to
974 459 59 34 the
1063 465 86 28 next
1172 458 43 33 of
1240 457 61 34 kin
1329 456 40 33 of
1396 454 159 35 Thomas

231 514 159 38 Rotton,
409 523 24 22 a
444 511 152 39 soldier,
617 510 83 34 who
717 508 86 34 died
819 519 46 25 on
879 508 118 35 board
1017 507 61 34 the
1097 508 122 33 Eurus.
1240 504 143 40 frigate.
1439 502 35 33 It
1489 510 45 34 ap-

234 560 138 47 peared
391 560 35 33 in
441 560 177 33 evidence
637 557 78 33 that
741 557 64 33 the
830 556 165 44 prisoner
1015 566 73 24 was
1106 552 196 37 concerned
1323 550 86 34 with
1430 549 100 43 Yang-

236 609 89 41 han,
358 608 86 34 who
472 617 77 25 was
563 604 180 37 executed
761 617 25 21 a
801 604 96 34 short
928 604 91 33 time
1045 604 96 32 since
1169 601 58 33 fiir
1256 598 213 41 defrauding
1496 598 60 32 the

234 657 115 35 Chest
364 661 39 28 at
422 653 236 35 Greenwich.
709 652 72 34 She
793 648 188 38 described
1000 648 131 35 herself
1155 659 39 22 as
1222 648 60 33 the
1311 645 86 34 wife
1431 644 43 34 of
1499 644 58 33 the

235 703 177 38 deceased
436 702 157 39 Rotton,
618 706 38 30 to
676 700 122 33 whom
815 702 59 32 she
893 698 115 34 stated
1033 699 63 33 she
1117 709 21 17 ►,
1150 707 37 21 as
1217 694 152 33 married
1387 698 39 28 at
1449 692 84 34 Dum-

236 752 109 44 fries,
374 752 35 33 in
435 748 195 38 Scotland.
680 748 80 34 Her
789 746 151 34 conduct
957 745 142 34 excited
1119 743 196 45 Eoqiicion,
1344 739 123 35 which
1491 749 70 24 was

239 798 189 38 increased
446 800 47 44 by
513 797 64 34 the
591 796 217 45 production
827 795 43 33 of
880 806 24 22 a
922 794 176 40 tnarriaT:
1111 790 216 39 c►•rtiticate,
1344 787 217 45 purporting

239 854 43 30 to
301 850 92 33 have
410 849 91 32 been
519 844 117 34 issued
660 848 38 30 at
723 842 201 41 Dumfries,
954 842 69 32 and
1041 852 17 22 (.
1057 852 8 22 -
1065 852 18 22 :1
1104 839 69 33 this
1191 839 106 39 being
1313 833 209 37 discovered
1540 844 21 21 a

239 896 156 45 forgery
411 896 61 32 the
493 893 167 45 prisoner
677 902 74 22 was
767 889 274 46 apprehended.
1094 887 71 33 She
1191 883 182 35 confessed
1391 883 65 32 her
1472 881 90 39 guilt

241 950 41 30 at
301 946 60 33 the
378 943 129 34 Police
520 938 130 44 (Mk*,
661 939 69 34 and
742 940 80 33 said
839 938 178 43 Vaughan
1033 935 65 33 had
1113 933 148 33 written
1278 931 58 33 the
1348 930 214 39 certificate,

242 994 72 34 and
330 989 58 39 led
404 991 64 34 her
483 990 77 34 into
579 989 66 34 her
664 992 144 41 present
826 980 550 45 situation.—Guilty—lleath.

621 1107 308 40 MIDDLESEX
964 1102 243 40 SESSIONS.

249 1218 210 41 HICKS'S
482 1202 1085 56 HALL;CLERKENWELL,WEDNESDAV,JAN.H.
1587 1200 20 33 11

1589 1233 19 43 II

537 1286 174 28 PERJUR.
726 1281 19 26 V
745 1281 20 26 .
765 1281 141 26 .-TIFIE
927 1280 115 26 KING
1055 1281 34 21 V.
1106 1278 187 26 BI7RDON.
1589 1260 9 41 I
1598 1260 9 41 I

298 1341 84 34 The
397 1335 197 38 defendant
617 1344 71 22 was
715 1330 162 35 indicted
905 1328 60 34 for
981 1326 118 34 wilful
1136 1326 71 33 and
1233 1328 148 39 corrupt
1402 1319 164 46 perjury,
1589 1279 19 89 li

255 1389 139 43 arising
410 1390 67 30 out
495 1384 44 34 of
559 1394 25 24 a
599 1393 94 25 cause
730 1380 35 33 in
791 1378 64 33 the
876 1377 177 33 Common
1074 1374 123 40 Pleas,
1222 1372 109 33 under
1350 1370 60 34 the
1429 1369 141 32 follow-
1591 1369 5 63 I

256 1439 61 43 ing
335 1437 289 32 circumstances.
678 1426 81 37 The
775 1426 194 34 defendant
981 1433 72 24 was
1068 1433 22 22 a
1107 1419 286 46 money-lender,
1419 1416 69 33 and
1504 1414 66 33 had

256 1483 133 46 agreed
416 1481 92 34 with
539 1476 216 43 Browning,
780 1474 74 33 late
873 1470 104 43 High
1002 1470 132 33 Bailiff'
1153 1468 44 33 of
1225 1466 154 38 Westmin
1378 1466 110 38 ster,
1513 1461 59 34 for
1592 1444 4 85 I

257 1532 63 34 the
337 1530 178 46 purchase
533 1526 45 34 of
591 1535 45 24 an
651 1522 152 44 annuity
822 1520 41 34 of
883 1520 80 34 4001
964 1520 20 34 .
999 1527 64 34 per
1075 1526 122 30 annum
1196 1526 25 30 ,
1248 1520 37 28 to
1303 1515 44 33 be
1364 1509 145 35 secured
1528 1520 43 22 on
1592 1482 7 93 I

261 1576 233 45 Browning's
514 1576 109 44 place
638 1572 44 34 of
696 1570 103 44 High
822 1567 142 39 Bailiff',
989 1565 69 33 and
1078 1565 53 33 his
1143 1565 105 32 other
1266 1566 191 40 property.
1496 1557 78 32 The

257 1638 78 22 sum
369 1624 118 35 stated
516 1633 40 22 as
587 1620 64 34 the
678 1616 270 38 consideration
981 1615 35 32 in
1050 1612 61 32 the
1142 1609 164 37 memoria
1306 1609 24 37 l
1363 1617 76 24 was
1454 1604 117 35 2274/.
1594 1602 5 59 I

262 1674 204 43 Browning
483 1667 221 39 afterwards
720 1663 152 46 applied
891 1669 40 28 to
950 1661 63 33 the
1032 1659 175 33 Common
1230 1657 106 34 Pleas
1355 1659 38 27 to
1407 1659 52 27 set
1478 1651 97 34 aside
1594 1654 6 20 !

260 1723 64 33 the
340 1722 168 43 annuity,
535 1727 46 25 on
596 1716 60 33 the
672 1711 154 46 grounds
843 1711 80 33 that
943 1710 32 32 it
998 1708 61 33 did
1077 1713 61 27 not
1156 1710 54 28 set
1228 1710 63 27 out
1309 1703 61 33 the
1388 1708 80 27 true
1492 1709 63 22 con-

257 1770 207 35 sideration
495 1766 87 44 paid
601 1763 59 33 for
687 1762 61 33 the
771 1769 110 24 same.
935 1756 99 33 That
1051 1755 44 33 he
1117 1752 69 34 had
1199 1750 135 44 agreed
1352 1754 38 28 to
1419 1748 85 43 give
1520 1744 54 33 six

262 1828 107 33 Nears
387 1815 180 45 purchase
594 1811 61 37 for
672 1809 43 40 it,
741 1808 77 32 viz.
843 1805 61 37 240
905 1805 61 37 D/.
981 1817 12 27 ;
1022 1804 60 32 but
1101 1802 80 33 that
1202 1799 149 34 Burdon
1371 1796 90 43 kept
1480 1793 96 34 back
1598 1793 2 96 i
1600 1800 7 89 ll

267 1866 94 34 MT.
380 1876 39 22 as
435 1864 208 35 insurance,
666 1856 69 34 and
746 1850 19 40 2
765 1850 38 40 61
803 1850 20 40 .
841 1853 59 34 for
919 1853 57 32 his
984 1858 180 37 expellees
1179 1859 12 28 ;
1217 1846 70 34 and
1300 1845 79 33 that
1393 1843 135 33 instead
1541 1839 43 33 of
1606 1839 1 61 1

262 1915 64 32 the
344 1912 152 41 annuity
517 1909 111 41 being
644 1905 57 34 for
720 1900 176 37 Burdon's
930 1899 65 33 life
1010 1898 104 43 only,
1139 1905 39 22 as
1196 1892 145 44 agreed,
1371 1891 44 31 he
1437 1889 69 33 had
1526 1889 35 32 in-

260 1959 119 35 serted
398 1958 157 34 another
583 1954 83 39 life,
690 1950 163 43 namely,
879 1948 65 33 the
976 1942 204 38 additional
1209 1941 71 34 life
1304 1937 41 35 of
1376 1937 56 33 his
1463 1936 112 33 niece.

263 2009 78 34 Mr.
356 2006 169 39 Burdon,
549 2003 35 34 in
615 2002 53 32 his
684 2006 144 27 answer
843 2002 38 27 to
908 1994 74 33 this
998 1991 178 39 affidavit,
1202 1987 155 43 directly
1377 1983 128 35 denied
1530 1981 51 34 all

263 2056 65 34 the
344 2052 237 45 allegations,
609 2047 157 44 namely,
795 2043 79 34 that
895 2042 44 33 he
958 2040 70 35 had
1045 2043 63 30 not
1123 2039 96 43 kept
1245 2034 94 35 back
1362 2042 73 34 any
1457 2039 124 32 money

265 2114 47 24 on
330 2104 61 33 the
403 2099 163 46 grounds
583 2094 168 44 alledged
765 2104 12 28 ;
804 2091 80 33 that
906 2087 200 43 Browning
1124 2083 72 34 had
1217 2081 104 35 made
1337 2089 45 24 no
1400 2075 182 47 objection

267 2159 39 25 to
322 2151 60 33 the
399 2148 66 33 life
484 2146 43 34 of
553 2144 90 35 Miss
661 2140 148 35 Burdon
820 2138 110 44 being
948 2134 170 38 inserted,
1144 2131 72 34 and
1240 2130 80 33 that
1337 2127 61 34 the
1413 2131 80 28 true
1507 2133 60 22 con-

267 2196 202 37 sideration
489 2203 76 25 was
596 2191 85 43 only
706 2187 125 35 22761.
857 2196 39 24 as
927 2181 154 35 inserted
1111 2181 34 33 in
1176 2179 64 33 the
1259 2173 203 38 memorial.
1517 2170 72 33 For

269 2246 74 33 this
370 2242 167 35 affidavit
553 2241 46 32 he
627 2246 71 25 was
720 2244 84 24 now
826 2230 174 40 indicted,
1026 2228 69 34 and
1114 2228 104 32 those
1235 2220 283 38 contradictions
1533 2228 38 21 as-

270 2293 124 44 signed
420 2300 43 24 as
484 2285 193 47 perjuries.
729 2283 57 32 To
819 2284 157 40 support
1004 2276 63 33 the
1095 2283 81 24 case
1202 2271 43 34 of
1274 2270 61 34 the
1365 2270 223 43 prosecutor,

270 2337 150 35 himself
441 2336 70 34 and
531 2341 77 26 two
641 2330 106 34 other
778 2336 162 34 persons,
966 2335 24 22 a
1010 2323 74 33 Mr.
1106 2320 142 35 Gideon
1269 2317 87 43 Fly,
1384 2314 71 33 and
1473 2323 24 21 a
1515 2311 73 33 Mr.

274 2385 182 34 Monkton
477 2381 113 38 Hale,
617 2385 119 26 swore
754 2373 188 43 distinctly
965 2376 40 27 to
1036 2369 63 33 the
1129 2365 93 35 facts
1254 2374 40 22 as
1311 2360 117 37 stated
1459 2359 57 32 for
1532 2357 60 33 the

270 2427 343 39 defendant.—Mr.
635 2421 165 45 Serjeant
820 2417 190 45 Shepherd
1029 2414 104 34 made
1159 2422 25 24 a
1202 2415 92 30 most
1318 2408 85 34 able
1433 2405 162 38 defence,

273 2478 73 37 and
363 2476 165 39 insisted,
553 2474 83 33 that
656 2471 72 32 Mr.
749 2467 206 40 Browning
971 2472 102 25 came
1087 2467 38 27 to
1142 2469 119 24 swear
1278 2465 109 33 away
1407 2453 57 34 his
1483 2450 93 35 liabi-

275 2528 71 41 lity

366 2530 39 27 to
424 2533 73 33 pay
514 2522 63 33 the
593 2516 171 44 annuity,
788 2512 70 34 and
878 2512 84 33 that
993 2510 61 33 the
1071 2507 107 40 other
1200 2505 185 34 witnesses
1401 2499 113 41 ought
1533 2502 65 30 not

278 2582 40 25 to
335 2572 45 33 be
394 2568 184 37 credited.
631 2565 60 33 lie
707 2563 85 33 then
811 2559 119 34 called
960 2568 46 24 an
1022 2556 159 34 eminent
1214 2552 276 40 Conveyanur,
1517 2544 81 34 who

280 2619 139 46 proved
439 2616 79 34 that
534 2614 46 33 he
596 2611 72 34 had
681 2611 91 33 been
785 2606 188 34 consulted
992 2614 44 24 on
1059 2597 231 44 Browning's
1306 2594 203 39 securities,
1533 2590 69 35 and

285 2668 45 33 he
345 2665 149 37 advised
514 2662 83 33 that
613 2659 86 43 they
722 2665 98 24 were
837 2657 65 30 not
918 2652 103 33 valid
1036 2662 11 28 ;
1074 2648 71 34 and
1169 2647 73 34 Mr.
1261 2644 98 39 Saul,
1387 2642 64 33 the
1478 2641 104 32 Attor-

285 2725 86 34 ney,
397 2709 129 37 denied
544 2709 64 33 the
626 2707 190 32 statement
833 2711 40 25 as
891 2708 122 25 sworn
1030 2701 38 28 to
1085 2698 48 41 by
1154 2695 64 32 the
1232 2695 214 41 prosecutor
1462 2686 69 35 and
1550 2685 56 32 his

286 2763 200 32 witnesses.
540 2753 149 35 Several
724 2759 148 35 persons
893 2746 45 34 of
959 2743 279 46 respectability
1256 2739 77 33 also
1359 2735 118 46 spoke
1496 2739 34 28 to
1546 2731 61 34 the

285 2809 97 45 rood
399 2807 200 34 character
622 2802 44 32 of
686 2798 61 34 the
781 2794 210 35 defendant.
1042 2791 79 34 The
1140 2798 84 22 case
1257 2784 115 35 lasted
1403 2781 64 34 the
1488 2779 119 34 whole

287 2859 91 44 day,
402 2855 71 34 and
487 2858 43 28 at
543 2863 24 22 a
582 2850 77 34 late
673 2846 93 34 hour
784 2843 61 35 the
860 2841 102 45 Jury
974 2837 111 35 foun4
1103 2837 61 34 the
1178 2829 384 44 defendant—Guilty.

707 2986 256 32 SATURDAY,
989 2983 103 26 JAN.
1111 2973 56 34 14.

340 3054 79 34 Mr.
441 3048 197 39 Andrews,
661 3043 44 37 of
720 3043 124 34 whose
868 3037 109 35 traits
1000 3034 43 34 of
1062 3031 194 40 swindling
1273 3027 60 35 the
1358 3024 128 48 public
1505 3021 110 35 heard

295 3117 25 22 a
335 3100 96 46 good
449 3098 83 34 deal
557 3094 44 35 of
622 3105 25 22 a
669 3086 261 40 twelvemonth
945 3094 85 33 ago,
1049 3080 129 34 moved
1207 3078 61 35 the
1285 3077 113 32 Court
1411 3072 128 43 during
1556 3070 61 32 the

298 3150 110 35 week
439 3146 59 34 for
520 3143 210 46 judgment,
759 3136 71 35 and
861 3133 46 33 he
935 3142 73 24 was
1035 3128 195 45 yesterday
1248 3123 157 44 brought
1422 3130 65 34 up.
1537 3116 81 35 The

296 3198 197 37 Chairman
511 3191 100 34 after
628 3197 97 25 some
742 3181 162 38 forcible
921 3177 164 35 remarks
1102 3185 46 24 on
1165 3174 64 33 the
1247 3167 193 51 prisoner's
1453 3164 168 38 conduct,

299 3243 194 39 observed,
511 3241 84 33 that
609 3247 25 24 a
659 3231 243 46 multiplicity
927 3226 44 33 of
994 3223 171 46 petitions
1186 3219 73 35 had
1279 3219 87 33 been
1382 3211 187 48 presented
1584 3215 37 27 to

302 3296 78 32 him
391 3304 47 24 on
456 3291 63 32 the
539 3281 196 51 prisoner's
752 3276 139 40 behalf,
908 3276 66 32 but
987 3273 44 32 he
1044 3270 67 33 had
1131 3267 168 35 returned
1316 3265 94 33 them
1424 3257 200 46 unopened,

301 3354 40 22 as
357 3343 63 33 the
433 3348 83 25 case
535 3343 78 26 was
630 3335 61 30 too
709 3330 159 41 flagrant
888 3322 58 34 for
965 3321 56 33 his
1043 3317 254 35 interferene.
1346 3311 81 34 The
1441 3309 84 40 long
1541 3315 63 24 con-

304 3391 169 34 finement
490 3383 45 34 of
557 3381 61 33 the
635 3378 165 46 prisoner
820 3372 71 34 had
909 3372 91 32 been
1019 3369 60 32 the
1097 3364 85 44 only
1201 3361 104 41 thing
1322 3358 111 34 taken
1452 3356 72 33 into
1543 3361 61 26 con-

300 3433 206 38 sideration
522 3432 50 41 by
592 3429 63 32 the
674 3423 138 38 Bench,
839 3419 69 34 and
934 3417 37 33 in
997 3420 244 35 consequence
1271 3407 41 33 of
1333 3407 84 32 that
1439 3402 165 45 imprison-

302 3489 112 37 ment,
433 3481 61 33 ti►e
506 3480 116 33 Court
632 3469 189 38 sentenced
839 3468 61 34 the
920 3465 165 45 prisoner
1102 3467 38 26 to
1156 3462 66 31 two
1235 3455 139 34 months
1393 3450 142 37 further
1546 3458 59 25 con-

302 3533 170 34 fiuc►nent
491 3527 38 34 ita
548 3526 196 40 Ncw•gate.

865 3617 208 40 POLICE.

359 3698 442 46 'Bow-STnrr•r.—The
813 3696 164 33 footman
994 3689 80 33 who
1097 3694 73 26 was
1188 3679 138 38 behind
1345 3677 61 35 the
1420 3674 123 41 carria
1543 3674 20 41 g
1563 3674 21 41 e
1594 3671 43 35 of

311 3759 46 34 111
357 3759 31 34 r.
407 3757 181 35 Mestaer,
622 3750 40 33 of
678 3749 94 33 New
798 3741 48 38 Br
847 3741 220 38 oad-street,
1093 3739 39 28 at
1148 3732 59 33 the
1228 3730 87 32 time
1333 3728 43 32 he
1408 3733 73 24 was

1500 3719 133 35 robbed

311 3808 51 44 by
381 3806 65 34 the
461 3801 280 44 highwayman,
759 3804 46 21 on
824 3790 51 32 his
899 3797 83 33 way
994 3790 39 28 to
1054 3783 56 32 his
1133 3785 156 35 country
1312 3775 126 37 house,
1465 3774 39 30 at
1526 3768 81 33 Wan-

312 3853 118 41 titead,
458 3852 34 32 in
516 3849 133 37 Essex,
676 3853 45 25 on
743 3839 163 40 Mcmlay
924 3831 117 45 night,
1068 3826 188 47 suggested
1273 3829 35 27 to
1337 3821 53 33 his
1409 3824 131 28 master
1557 3815 78 33 that

315 3904 46 32 he
378 3896 193 47 suspected
600 3904 67 24 one
685 3889 44 35 of
745 3889 60 32 the
824 3883 152 34 robbers
998 3886 35 26 to
1051 3878 44 33 be
1115 3878 61 32 the
1202 3870 198 35 coachman
1422 3865 84 33 who
1522 3861 115 34 lately

315 3950 99 34 lived
436 3945 90 34 with
547 3943 74 33 him
635 3953 12 27 ;
665 3937 69 35 and
749 3934 126 45 giving;
892 3938 99 28 sonic
1006 3922 236 41 satisfactory
1261 3926 142 25 reasons
1419 3913 59 34 for
1496 3911 53 32 his
1569 3920 54 22 sus-

317 3998 158 45 picious,
502 3990 106 35 made
622 3998 94 22 some
737 3981 178 45 inquiries
941 3973 203 46 respecting
1162 3969 92 38 him,
1280 3965 66 33 and
1365 3963 116 33 learnt
1500 3960 76 32 that
1599 3957 43 32 he

317 4055 79 25 was
415 4044 35 33 in
469 4041 63 32 the
546 4036 139 37 service
702 4031 45 35 of
758 4031 69 33 Mr.
847 4025 177 35 Braham.
1081 4016 184 45 Inquiries
1283 4022 96 25 were
1404 4005 236 41 accordingly

318 4093 106 33 made
437 4089 44 34 of
496 4087 74 34 Mr.
598 4082 175 37 Brabant,
793 4087 44 25 on
866 4070 188 43 Tu?sday,
1081 4065 85 34 who
1186 4062 72 34 had
1278 4059 80 46 just
1382 4054 148 38 arrived
1548 4052 94 33 from

322 4139 113 35 Bath.
493 4136 72 33 Mr.
591 4130 163 35 Braham
771 4114 340 45 waseonsiderably
1128 4108 167 38 alarmed
1311 4111 39 30 at
1367 4106 61 34 the
1444 4101 144 45 inquiry
1605 4110 40 21 as

320 4189 47 31 he
379 4186 70 34 had
469 4179 182 39 launched
676 4187 46 22 an
739 4174 144 43 elegant
914 4176 80 25 new
1015 4162 162 38 chariot,
1204 4163 37 27 to
1259 4167 45 32 go
1322 4159 38 30 to
1381 4149 111 40 Bath,
1521 4147 123 35 when!

320 4235 45 33 be
387 4237 92 32 went
498 4241 24 25 a
539 4230 72 34 few
644 4222 123 39 weeks
794 4220 111 41 since,
924 4207 265 51 accompanied
1218 4206 47 44 by
1289 4201 170 35 Madame
1483 4198 162 34 Storace.

762 180 33 13 WT

981 182 33 15 iM
1039 182 5 15 .

2799 116 31 30 I.v
2849 109 73 51 47

1675 104 372 67 REGISTER.

1615 256 57 32 On
1688 256 177 44 Saturtkiy
1881 257 165 41 morning
2066 256 44 34 he
2127 262 77 28 sent
2220 256 124 33 otrthe
2361 254 214 38 coach'lntsi,
2590 250 105 39 pith
2731 249 102 34 their
2849 249 60 41 lug-

1613 312 92 33 gage
1726 304 69 32 and
1813 304 61 33 the
1889 304 182 45 carriage,
2096 304 93 34 from
2213 304 92 33 Bath
2336 309 37 26 to
2385 314 44 30 go
2443 309 35 26 to
2500 299 164 38 London,
2696 296 90 33 with
2807 296 103 33 direc-

1615 348 96 34 tions
1727 357 37 26 to
1781 352 41 31 be
1841 351 34 33 in
1900 351 146 34 London
2065 361 45 22 on
2131 351 155 44 Monday
2301 350 211 41 afternoon;
2542 347 66 33 and
2631 346 52 31 his
2702 348 63 30 not
2798 345 133 43 haring

1615 399 148 32 arrived
1780 410 44 22 on
1850 398 169 45 Tuesday
2036 399 167 41 evening,
2228 407 91 33 gave
2335 407 98 25 some
2452 406 128 22 re:lAm
2607 400 38 24 to
2672 397 144 38 suspect
2835 391 94 33 from

1617 444 63 33 the
1695 444 222 46 description
1936 445 44 33 of
2007 445 61 33 the
2083 444 178 43 footman,
2288 445 83 32 that
2398 444 53 32 his
2483 443 201 34 (.mlOllll3ll
2713 437 71 34 had
2819 438 113 34 taken

1618 501 67 24 one
1726 493 44 33 of
1795 493 54 33 his
1883 493 120 33 horses
2036 497 39 28 to
2106 493 148 33 commit
2285 493 60 33 the
2378 493 176 32 robbery.
2606 487 59 34 On
2701 477 233 54 Wednesday

1618 539 178 44 morning,
1822 550 44 21 on
1886 540 43 33 its
1942 540 107 44 being
2068 540 132 33 known
2218 539 80 33 that
2326 548 25 22 a
2380 547 77 24 man
2474 537 70 33 had
2565 537 90 32 been
2670 533 111 33 taken
2802 533 44 44 by
2867 530 66 35 lite

1620 586 285 47 horse-patrole,
1932 587 58 33 for
2020 587 61 33 the
2100 587 157 43 robbery
2290 585 44 34 of
2360 585 69 34 Mr.
2452 583 174 37 Mestaer,
2656 580 71 33 Mr.
2770 579 165 34 Brdham

1618 633 170 33 attended
1802 640 39 27 at
1870 635 58 31 the
1945 634 117 40 office,
2089 633 57 33 till
2172 632 61 34 the
2251 643 80 24 tr.an
2353 633 37 33 in
2407 631 151 45 custody
2581 637 76 26 was
2682 627 164 41 brought
2861 627 46 51 ,in
2922 641 11 21 ;

1623 680 45 32 he
1687 691 73 22 was
1773 681 83 33 then
1872 692 85 22 con's
1968 680 99 34 ineed
2083 681 31 33 it
2134 689 76 26 *as'
2230 686 59 26 not
2321 679 56 33 his
2394 678 224 37 coachman';
2647 674 54 33 his
2721 674 119 33 alarm
2859 681 78 26 was

1622 726 184 33 increased
1822 728 60 33 for
1907 728 57 32 the
1982 726 116 37 safety
2119 728 43 32 of
2189 728 53 32 his
2267 728 181 43 carriage,
2472 726 71 33 and
2564 725 44 32 he
2637 720 198 45 employed
2859 722 52 33 Ad-

1623 775 83 32 kins
1724 782 33 26 to
1778 785 45 33 go
1843 774 33 33 in
1902 775 123 32 search
2044 772 45 33 of
2104 775 39 32 it.
2200 774 26 32 A
2256 780 84 37 post
2365 774 120 32 chaise
2512 781 76 24 was
2608 768 150 37 ordered
2780 768 60 33 for
2855 769 84 32 that

1625 831 171 33 purpose,
1822 822 66 33 and
1907 822 111 33 about
2037 822 81 33 four
2135 819 158 40 o'clock,
2324 820 103 32 when
2460 819 138 33 Adkins
2617 827 73 22 was
2707 816 105 41 ready
2839 820 99 28 toset

1624 869 63 39 off,
1719 870 66 32 Mr.
1809 869 156 33 Brabant
1980 879 103 24 came
2112 868 86 32 with
2218 874 102 37 great
2336 867 110 43 speed
2459 875 38 22 to
2517 867 63 32 the
2593 866 117 37 office,
2734 868 41 28 to
2794 873 64 32 say
2876 863 63 32 the

1625 917 195 33 coachman
1837 917 66 32 had

1916 915 77 44 ,just
2002 917 145 32 arrived
2160 917 89 32 with
2269 914 63 33 the
2357 917 169 39 carriage
2543 913 76 32 safe
2631 924 11 27 ;
2668 911 67 33 and
2756 909 61 33 the
2833 920 110 22 (awe

1625 963 162 45 assigned
1815 964 46 44 by
1894 963 59 33 the
1993 963 197 35 coachman
2219 961 58 33 for
2323 961 104 35 being
2454 960 89 34 sueh
2628 957 122 44 length
2783 958 43 31 of
2851 958 90 31 time

1629 1020 91 31 was,
1746 1011 78 33 that
1850 1015 60 30 the
1924 1009 106 35 roads
2050 1019 94 24 were
2163 1010 35 33 in
2215 1009 85 33 such
2319 1018 24 22 a
2360 1007 67 33 bad
2448 1012 109 34 state,
2582 1006 45 33 be
2644 1004 117 35 -could
2781 1010 65 27 nut
2861 1009 60 28 tra-

1628 1057 59 35 vel
1704 1069 71 32 any
1792 1059 123 33 faster.
2563 1057 5 44 •

2883 1100 9 1 _

1676 1113 207 47 Thu.7...lay,
1922 1113 168 34 William
2109 1111 117 41 Luck,
2249 1111 61 33 the
2322 1121 81 24 man
2430 1107 265 47 apprehended
2712 1117 46 24 on
2776 1106 170 34 Tuesdav

1628 1161 148 35 evenin?.
1798 1165 84 38 last,
1907 1160 34 34 in
1962 1161 150 43 Surrey,
2140 1170 44 22 on
2202 1160 183 44 suspicion
2404 1157 43 33 of
2456 1157 146 32 various
2620 1155 174 43 highway
2813 1152 113 35 rolibe-

1630 1209 89 39 ries,
1765 1219 70 24 was
1867 1208 254 34 re-examined
2148 1206 128 35 before
2311 1205 125 33 James
2472 1204 118 34 Read.
2611 1204 85 43 Esq.
2734 1212 19 22 NI
2753 1212 11 22 -
2776 1201 67 32 hen
2875 1201 70 32 Mr.

1635 1257 133 33 Da,:iel
1801 1256 103 39 Bird,
1929 1256 44 33 of
1991 1256 150 43 Epsom,
2166 1252 181 38 attended,
2375 1252 66 32 and
2471 1260 96 31 gave
2584 1259 46 22 an
2650 1254 151 27 account
2823 1247 44 34 of
2894 1248 56 32 his

1632 1304 107 43 being
1759 1303 135 33 robbed
1919 1315 46 20 on
1983 1302 165 34 Tuesday
2171 1303 83 37 last,
2280 1302 117 31 about
2414 1305 73 25 two
2509 1298 104 32 miles
2634 1294 70 33 this
2718 1294 77 33 side
2811 1294 43 33 of
2869 1296 70 40 ).11
2939 1296 18 40 ?

1633 1362 90 27 som,
1750 1351 46 41 by
1818 1357 77 26 two
1923 1348 170 45 highway
2105 1358 90 27 men,
2213 1357 66 22 one
2296 1346 45 32 of
2370 1345 118 33 whom
2516 1343 44 33 he
2588 1342 167 34 believed
2771 1346 37 27 to
2828 1342 45 32 be
2885 1344 64 30 the

1636 1398 164 45 prisoner
1815 1402 40 28 at
1870 1396 63 34 the
1949 1397 81 39 bar,
2056 1396 69 33 and
2160 1393 197 46 positively
2391 1391 185 34 identified
2598 1401 22 22 a
2639 1389 142 43 receipt
2797 1388 63 33 the
2874 1389 60 43 pri-

1635 1456 105 21 soner
1761 1455 73 22 was
1851 1454 78 24 seen
1949 1449 37 27 to
2019 1444 111 41 drop,
2154 1452 84 24 soon
2265 1442 98 30 after
2382 1439 44 33 he
2445 1448 76 22 was
2550 1439 110 32 'alien
2678 1439 76 31 into
2772 1436 154 41 custody
2941 1448 12 24 ;

1636 1492 61 34 the
1722 1492 273 34 circumstances
2011 1491 44 32 of
2069 1491 54 32 his
2150 1487 267 44 apprehension
2450 1483 282 43 corroborating
2759 1482 61 32 the
2837 1483 98 41 suspi-

1635 1540 99 40 cion,
1761 1540 59 32 the
1840 1539 136 43 parties
1993 1548 98 32 were
2118 1535 119 34 bound
2259 1545 89 22 over
2373 1541 37 24 to
2428 1535 190 40 prosecute
2635 1532 74 31 him
2730 1530 59 32 for
2807 1528 74 33 this
2898 1530 38 32 of-

1636 1587 103 33 fence
1754 1591 37 28 at
1809 1591 87 27 next
1913 1584 132 34 assizes
2063 1584 58 34 for
2140 1583 60 33 the
2215 1589 133 35 county
2369 1580 41 32 of
2428 1581 146 40 Surrey.

1687 1635 72 32 Mr.
1773 1633 70 33 and
1863 1633 86 33 Mrs.
1967 1632 162 33 Mestaer
2145 1629 183 39 nttended,
2354 1628 69 32 and
2443 1626 139 33 related
2601 1623 61 34 the
2679 1624 221 43 particulars
2919 1623 46 33 of

1639 1681 98 33 their
1755 1681 106 44 being
1879 1680 138 32 robbed
2042 1689 46 21 on
2120 1676 158 43 Monday
2298 1676 152 40 evening
2481 1674 85 35 last,
2595 1672 167 33 between
2796 1672 143 41 Layton-

1637 1734 103 28 stone
1756 1728 69 33 and
1857 1726 208 39 Wanstead,
2092 1726 64 32 but
2172 1723 103 33 could
2293 1727 65 27 not
2387 1720 211 45 possitively
2624 1717 156 44 identify
2799 1719 64 32 the
2883 1719 60 43 pri-

1639 1786 119 31 soner,
1776 1774 137 43 though
1946 1774 87 31 Mrs.
2057 1773 52 31 M.
2131 1768 165 37 believed
2317 1768 73 33 him
2420 1774 35 25 to
2476 1768 45 34 be
2541 1776 65 22 one
2623 1766 44 32 of
2692 1765 58 32 the
2770 1774 97 31 men,
2890 1765 70 32 and

1641 1822 118 44 spoke
1774 1820 198 45 positively
1989 1825 37 27 to
2046 1830 69 22 one
2131 1817 44 34 of
2192 1817 61 33 the
2272 1817 123 32 horses
2408 1813 184 46 produced
2611 1819 37 26 at
2670 1812 59 35 the
2743 1812 117 33 Office
2872 1811 92 33 door

1628 1860 1 51 '
1642 1881 40 21 as
1697 1869 105 43 being
1814 1869 61 33 the
1884 1876 97 25 same
1994 1867 63 32 the
2075 1866 137 32 robber
2232 1874 74 21 was
2323 1873 99 33 upon
2435 1866 39 28 at
2494 1860 61 33 the
2575 1860 103 32 time.

1693 1919 105 30 Some
1811 1916 105 32 other
1938 1924 130 34 person
2087 1910 206 46 appeared,
2322 1910 84 32 who
2433 1906 69 34 had
2530 1907 91 33 been
2639 1906 138 33 robbed
2792 1916 47 22 on
2861 1905 79 33 Mon-

1645 1965 71 41 day
1731 1963 70 33 and
1814 1962 168 43 Tuesday
1998 1959 169 41 evening,
2193 1959 64 32 but
2274 1957 87 41 they
2381 1955 58 32 did
2459 1958 64 28 not
2554 1954 110 32 know
2688 1954 61 32 the
2767 1954 200 39 Prisoner;

1648 2013 45 33 he
1714 2021 73 24 was
1804 2008 150 35 ordered
1971 2011 38 30 to
2029 2008 44 32 be
2092 2006 157 41 brought
2262 2015 50 32 up
2330 2003 106 41 again
2451 2011 46 22 on
2511 2000 189 45 Thursday
2720 2006 104 28 next.

1931 2114 296 41 ACCIDENTS
2257 2112 111 37 AND
2398 2108 281 40 OFFENCES.

1698 2181 194 44 Thursday
1920 2179 164 40 morning
2100 2186 45 34 ai
2166 2174 61 33 the
2246 2176 189 32 workmen
2470 2181 99 25 were
2597 2171 162 44 clearing
2781 2179 112 34 away
2911 2169 66 35 the

1652 2231 99 34 ruins
1768 2229 41 33 of
1822 2220 491 43 Covent-GardeeTheatre,
2341 2226 38 27 at
2396 2220 61 32 the
2489 2220 144 33 Piazza
2649 2219 105 38 door,
2789 2218 113 33 muter
2915 2218 63 32 the

1654 2280 106 43 place
1780 2276 124 33 where
1922 2272 61 33 the
2002 2271 163 34 Phoenix
2193 2268 129 44 engine
2342 2278 73 22 was
2431 2278 38 20 so
2489 2265 273 41 unfortunately
2780 2265 197 32 dostroved

1656 2323 91 34 with
1763 2323 60 32 the
1843 2321 143 33 firemen
1998 2316 187 41 attending
2204 2316 43 39 it,
2272 2315 48 43 by
2341 2314 61 33 the
2417 2313 133 43 falling
2564 2315 35 30 in
2613 2311 44 33 of
2670 2310 60 34 the
2748 2311 105 39 arch,
2875 2321 28 20 w
2915 2311 64 31 ben

1657 2372 87 43 they
1757 2379 102 25 came
1876 2373 38 27 to
1929 2366 60 33 the
2006 2365 150 39 cistern,
2173 2362 85 41 they
2276 2361 113 33 found
2405 2359 60 34 the
2477 2359 100 45 body
2593 2357 41 33 of
2641 2369 22 21 a
2678 2369 92 21 mon.
2792 2365 60 26 not
2872 2357 111 32 bun:-

1657 2418 59 41 ed,
1735 2417 61 32 but
1817 2414 102 34 much
1938 2409 161 38 bruised.
2151 2409 73 33 Mr.
2248 2408 136 39 Webb,
2413 2406 43 34 of
2469 2404 514 37 Tottenham-Co-art-Row%

1659 2464 72 35 had
1749 2461 129 35 missed
1905 2460 56 33 his
1978 2460 87 41 only
2083 2466 63 24 son
2161 2456 96 33 since
2275 2456 63 33 the
2357 2454 234 34 unfortunate
2607 2451 239 44 catastrophe
2862 2451 44 33 of
2923 2452 66 32 the

1662 2513 77 33 tire.
1767 2510 59 33 lie
1838 2507 70 34 had
1922 2506 105 34 made
2040 2503 165 45 inquiry,
2223 2503 61 32 but
2303 2504 37 30 in
2352 2499 339 35 vain—advertised
2708 2499 87 34 him,
2813 2499 64 32 but
2888 2504 39 26 to
2939 2507 48 22 no

1662 2559 128 37 effect;
1818 2556 45 34 he
1877 2552 168 37 flattered
2065 2549 149 37 himself
2223 2549 69 34 and
2311 2548 57 33 his
2381 2548 157 33 anxious
2554 2546 131 43 family
2704 2545 89 33 with
2815 2545 60 32 the
2890 2544 99 45 hope

1664 2606 80 34 that
1765 2604 45 33 he
1827 2602 70 35 had
1915 2602 91 32 been
2036 2597 195 46 impressed
2256 2597 76 32 into
2357 2596 65 32 the
2441 2604 112 33 navy,
2580 2604 43 21 or
2639 2593 202 44 trapanned
2870 2593 76 32 into
2965 2601 26 24 a

1667 2652 176 45 regiment
1859 2649 43 34 of
1915 2649 63 33 the
1994 2647 90 33 line.
2135 2644 52 33 As
2196 2653 86 24 soon
2300 2653 40 22 as
2353 2642 61 33 the
2430 2641 98 43 body
2550 2652 73 21 was
2640 2639 131 41 found,
2794 2639 104 33 word
2916 2649 74 21 was

1667 2704 77 31 sent
1756 2702 39 30 to
1809 2698 72 33 Mr.
1899 2694 143 39 Webb;
2070 2693 46 32 he
2130 2688 148 37 arrived
2294 2689 38 33 in
2341 2691 116 32 about
2474 2694 59 28 ten
2546 2688 152 32 minutes
2711 2696 45 22 on
2769 2686 223 38 horseback,

1669 2746 76 34 and
1760 2743 222 40 exclaimed,
2059 2739 40 34 If
2113 2738 44 34 he
2174 2738 45 32 he
2236 2747 60 32 my
2314 2747 80 28 son,
2424 2735 45 33 he
2486 2735 66 32 has
2581 2734 102 32 laced
2709 2734 105 32 hoots
2833 2743 61 31 on,
2920 2733 71 32 and

1672 2804 22 24 a
1710 2793 112 34 silver
1839 2789 136 41 watch,
2001 2787 125 40 chain,
2150 2784 71 35 and
2238 2784 93 33 seals
2357 2783 34 32 in
2409 2781 56 33 his
2712 2780 91 33 This
2828 2779 145 43 descrip-

1675 2842 77 33 tion
1770 2849 76 24 was
1872 2842 156 34 correct,
2055 2833 70 34 and
2154 2832 63 33 the
2246 2835 131 40 parent
2404 2828 193 46 appeared
2624 2828 69 32 lost
2730 2829 34 31 in
2797 2826 196 33 affliction.

1676 2887 80 35 The
1773 2885 97 44 body
1892 2894 72 24 was
1975 2880 169 37 removed
2165 2880 35 32 in
2213 2877 144 39 ashen,
2382 2883 38 27 at
2433 2876 136 33 twelve
2587 2872 162 39 o'clock,
2776 2880 38 26 to
2835 2872 138 33 Covent-

1676 2934 132 44 garden
1826 2931 268 35 watch-house.
2146 2926 35 34 A
2202 2923 197 35 Coroner's
2418 2926 145 41 Inquest
2580 2931 73 24 was
2668 2921 80 33 held
2761 2931 47 22 on
2824 2920 60 33 the
2897 2920 102 45 body

1680 2976 327 51 yesteaday—The
2023 2975 100 43 Jury
2141 2983 91 33 gave
2248 2982 25 22 a
2293 2972 152 34 Verdict
2464 2969 44 34 of
2526 2968 211 35 Accidental
2764 2967 137 34 Death.

1728 3028 35 34 A
1775 3027 143 34 curious
1933 3022 141 46 species
2102 3021 46 33 of
2169 3020 161 39 robbery
2359 3017 171 33 occurred
2558 3017 34 33 in
2611 3017 64 32 the
2692 3015 86 32 mail
2797 3014 117 34 coach
2931 3014 72 33 last

1683 3076 104 33 week
1802 3077 164 32 between
1985 3069 210 43 Edinburgh
2215 3066 67 34 and
2295 3066 168 33 Carlisle.
2520 3063 33 33 A
2575 3063 216 33 Gentleman
2804 3061 71 33 had
2891 3061 111 33 taken

1684 3123 54 34 his
1755 3128 77 28 seat
1850 3122 34 33 in
1902 3120 63 33 the
1983 3116 89 35 mail
2087 3116 93 33 from
2197 3115 63 33 the
2275 3113 137 33 former
2428 3112 96 41 city,
2542 3110 69 33 and
2629 3120 45 22 on
2691 3109 138 45 paying
2843 3107 56 35 his
2911 3107 93 39 fare,

1685 3170 124 47 pulled
1827 3172 63 28 out
1907 3167 53 32 hl4
1983 3174 122 34 purse,
2122 3159 123 35 which
2259 3159 190 34 contained
2461 3159 118 32 about
2593 3163 137 35 twenty
2750 3157 167 41 gnineas,
2933 3155 71 33 and

1687 3219 84 34 then
1789 3214 167 37 returned
1984 3213 27 32 it
2031 3211 77 33 into
2121 3220 24 24 a
2161 3210 120 32 breast
2300 3207 139 44 pocket
2457 3206 44 33 of
2515 3206 58 32 his
2589 3204 206 33 waistcoat.
2842 3203 59 33 An
2919 3203 91 32 arch

1688 3274 111 34 rogue
1822 3257 289 44 observingthis,
2131 3255 168 35 likewise
2319 3255 92 31 took
2505 3257 79 26 seat
2615 3252 34 32 in
2670 3250 59 33 the
2748 3250 90 33 mail
2859 3256 38 33 to
2917 3250 71 33 Car-

1652 3291 4 71 ;
1689 3313 96 39 lisle,
1818 3321 45 21 on
1894 3307 236 44 speculation.
2187 3300 133 35 Before
2350 3301 61 32 the
2443 3301 216 32 Gentleman
2691 3296 67 33 had
2794 3291 150 46 arTiied
2970 3302 41 27 at

1695 3357 221 45 Mosspaule,
1936 3354 44 33 he
1998 3352 64 34 fell
2079 3351 123 44 asleep
2233 3350 37 32 in
2290 3348 63 33 the
2370 3347 135 40 coach,
2533 3346 70 32 and
2631 3347 59 30 the
2709 3344 128 33 fellow
2864 3344 128 32 dexter-

1650 3390 4 69 ;
1693 3407 104 44 ously
1817 3403 135 46 picked
1984 3399 56 33 his
2073 3399 151 43 pocket.
2281 3396 47 32 At
2361 3394 209 44 Mosspaule
2600 3392 63 33 the
2695 3392 231 43 pickpocket
2952 3390 43 33 de-

1650 3438 4 60 -1
1693 3452 168 46 camped,
1879 3450 67 33 and
1967 3446 61 33 the
2061 3444 211 34 Gentleman
2290 3441 65 34 did
2374 3446 60 28 not
2458 3442 87 32 miss
2572 3441 56 32 his
2646 3449 106 35 purse
2772 3438 94 34 until
2895 3438 44 32 he
2957 3446 39 24 ar-

1696 3502 100 33 rived
1814 3507 39 26 at
1876 3495 170 37 Carlisle.

2248 3582 211 39 BIRTII.

1744 3645 139 44 Friday
1906 3644 86 38 last,
2016 3644 40 32 at
2082 3639 60 35 the
2172 3637 67 43 Par
2239 3637 22 43 ,
2262 3637 136 43 onage,
2428 3634 206 45 Hampton,
2657 3632 63 39 the
2753 3631 106 45 Lady
2887 3630 45 37 of
2953 3631 66 35 the

1701 3698 91 32 Rev.
1817 3693 65 34 Dr.
1904 3692 172 39 Morgan,
2101 3686 41 34 of
2156 3696 22 24 a
2189 3696 76 24 son.

1748 3744 41 32 In
1809 3739 118 39 Cork,
1958 3737 60 33 the
2052 3735 100 43 Lady
2172 3731 43 35 of
2235 3728 372 40 Brikadier•(ieneral
2641 3726 176 34 Graham.
2844 3725 47 35 or
2904 3737 21 22 a
2942 3736 80 24 son.

1750 3785 196 41 Saturday,
1978 3788 43 30 at
2040 3782 206 44 Ilampton,
2274 3778 227 38 Middlesex,
2528 3776 64 33 the
2619 3775 99 44 Lady
2734 3772 45 34 of
2794 3774 58 33 Sir
2872 3775 157 35 Charles

1707 3839 256 37 Edmoustoue,
1990 3831 106 34 Bart.
2117 3828 41 34 of
2172 3839 22 24 a
2207 3839 63 22 son
2287 3839 13 27 ;
2330 3824 61 34 the
2409 3824 118 34 infant
2543 3823 84 33 died
2644 3821 213 35 soonafter.

2263 3885 149 38 DIED.

1754 3951 50 34 At
1833 3947 123 46 Gijon,
1972 3956 46 24 on
2036 3943 64 34 the
2114 3943 89 34 9'lt7a
2223 3939 211 37 November
2450 3935 86 40 last,
2564 3935 113 33 while
2693 3935 146 39 servinz
2858 3934 92 33 with
2970 3934 63 34 the

1710 3999 136 37 BriliA
1877 4002 129 37 troops
2036 3992 37 32 in
2101 3991 131 43 Spain,
2259 3987 146 41 George
2433 3984 176 43 Asiotti,
2636 3984 51 43 1.6
2687 3984 35 43 q.
2744 3983 155 44 Deputy
2926 3985 83 31 Com-

1782 4039 256 40 „.rv-General
2055 4037 59 35 for
2131 4035 120 38 North
2274 4033 159 34 Britain.

1759 4094 39 34 lii
1821 4093 60 33 the
1896 4089 100 34 West
2014 4085 129 41 Indies
2143 4085 21 41 t
2164 4085 44 41 on
2222 4082 60 34 the
2301 4081 85 35 14th
2401 4080 217 45 September
2633 4078 86 40 last,
2738 4077 35 33 in
2785 4078 60 32 the
2859 4077 70 34 234
2953 4085 86 24 sear

1710 4142 43 35 of
1775 4142 54 32 his
1846 4148 81 35 age.,
1954 4135 45 34 of
2010 4135 63 33 the
2102 4131 133 46 yellow
2257 4128 122 47 fever
2379 4128 25 47 *

2379 4128 38 57 ..
2417 4128 59 57 Mr.
2498 4127 102 33 John
2621 4126 204 40 Christian,
2854 4126 182 33 Cittnetiv

1711 4189 44 38 of
1765 4185 248 50 Ounehaven,
2030 4181 145 43 Purser,
2191 4176 43 35 of
2246 4176 56 40 hjs
2317 4172 191 50 Majesty's
2529 4173 83 45 ship
2634 4172 168 37 Pelican.

3196 122 2 27 1

0 0 12 30 1
