3201 4429
317 123 22 30 e

343 275 107 34 must
472 270 46 38 be
537 268 126 39 taken
685 272 45 34 at
748 267 73 39 last
837 283 12 28 ;
880 266 79 39 and
992 265 35 39 if
1055 265 71 39 the
1155 263 178 53 original
1368 262 94 54 plan
1500 261 47 39 be

302 332 73 38 led
398 337 61 39 to,
494 331 66 38 the
579 330 217 41 transition
827 328 110 40 from
970 327 97 40 slow
1087 325 291 48 deliberation,
1408 330 45 34 to
1489 322 58 39 in-

200 399 233 46 temperate
454 392 142 52 hurry,
617 393 33 38 is
669 406 45 25 so
730 391 167 45 sudden,
920 389 91 39 that
1028 390 107 38 what
1155 389 32 39 is
1206 386 190 41 material
1414 391 46 34 to
1480 385 69 39 the

200 469 156 26 success
376 455 50 38 of
444 455 70 38 the
531 455 239 46 execution,
793 454 28 39 is
839 452 189 46 omitted,
1048 465 48 26 or
1114 449 207 43 delivered
1342 450 40 38 in
1402 459 53 27 an
1473 446 51 39 im-

198 519 155 52 r...rfe.et
369 521 122 37 state.

257 581 45 47 14
322 579 240 53 proportion
583 593 41 25 as
648 592 59 27 we
728 578 126 39 abhor
889 578 72 39 the
994 578 122 45 vices,
1148 575 56 41 let
1224 589 45 26 us
1297 574 162 39 imitate
1478 570 71 40 the

201 641 267 40 meritorious
484 643 191 52 qualities
704 640 50 40 of
775 641 77 40 .the
891 643 193 50 Usurper.
1142 638 87 41 The
1257 639 185 39 firmness
1469 635 77 38 and

200 702 171 54 activity
389 703 52 39 he
459 703 176 53 displays
656 703 67 39 for
742 702 66 39 the
836 707 120 33 worst
976 702 52 39 of
1052 715 209 40 purposes,
1281 698 58 41 let
1358 711 47 27 us
1433 709 90 41 prac-

198 765 78 39 tise
296 769 43 35 to
359 770 189 46 promote
568 767 71 38 the
659 764 213 53 happicess
893 765 77 39 and
992 763 143 53 liberty
1159 763 51 40 of
1231 759 213 41 mankind.
1501 762 44 38 In

198 826 65 40 his
291 826 180 52 pursuits
498 826 294 53 indefatigable
811 826 79 39 and
921 831 204 40 constant,
1156 826 51 39 he
1226 837 126 27 never
1384 823 161 52 betrays

198 885 203 43 alternate
439 888 298 52 precipitancy,
774 888 78 39 and
883 887 222 46 tardiness;
1148 887 92 47 but,
1277 887 97 39 firm
1410 885 40 39 in
1485 883 59 40 his

198 948 141 46 views,
359 948 51 40 he
430 948 246 40 deliberates
692 948 210 53 carefully,
924 948 78 40 and
1020 954 189 34 executes
1228 947 172 54 rapidly.
1448 946 97 40 This

556 1016 18 34 -
574 1016 35 34 et
630 1011 52 39 of
703 1015 296 48 government;
1030 1011 77 39 and
1129 1009 129 41 unless
1276 1023 63 26 we
1368 1009 128 52 adopt
1515 1009 27 38 it

567 1087 61 26 cur
648 1072 180 54 political
847 1074 195 45 conduct,
1072 1085 59 26 we
1162 1085 93 40 may
1284 1072 195 39 continue
1498 1076 45 35 to

570 1165 6 15 ,
598 1135 145 40 useless
761 1136 198 39 sacrifices
978 1135 50 40 of
1039 1148 144 39 money
1200 1134 78 40 and
1298 1147 109 34 men,
1428 1134 92 39 with-

581 1196 133 53 single
733 1198 136 53 object
888 1198 133 39 worth
1043 1196 246 52 contending
1306 1196 83 46 for,
1419 1209 46 26 or
1482 1209 39 26 se-

578 1266 26 34 -1
622 1259 148 53 safety.
824 1260 74 39 We
930 1260 105 40 have
1064 1260 189 39 immense
1274 1271 209 27 resources
1502 1264 40 34 at

579 1335 17 27 ,
595 1335 34 27 re
651 1322 102 40 than
770 1333 94 27 ever
883 1320 72 40 fell
981 1328 46 34 to
1057 1320 69 39 the
1156 1320 60 39 lot
1244 1319 51 40 of
1324 1333 79 39 any
1424 1320 118 39 other

596 1383 242 54 population
861 1385 32 39 is
926 1384 200 52 adequate
1157 1383 65 40 for
1254 1382 53 40 all
1341 1383 72 39 the
1448 1396 69 39 pur-

582 1444 185 47 defence,
803 1459 41 26 as
865 1444 90 39 well
983 1459 44 25 as
1058 1446 70 39 the
1147 1449 107 35 most
1273 1444 106 52 lofty
1407 1446 104 38 ambi-

570 1509 31 38 'c
628 1507 139 41 effects
790 1507 48 39 of
857 1521 78 26 our
956 1508 249 39 institutions
1220 1520 69 27 are
1307 1506 171 54 capable
1498 1508 50 39 of

544 1569 66 41 Iral
645 1570 213 40 character
878 1576 46 33 to
945 1570 70 40 the
1033 1570 209 41 sublimest
1260 1569 248 40 enthusiasm
1528 1586 11 28 ;

574 1635 180 41 ituatiou
772 1636 207 39 combines
998 1650 123 39 every
1147 1636 234 53 advantage
1410 1635 128 41 which

578 1697 265 54 philosopher
860 1697 122 41 could
1003 1698 112 40 wish.

242 1761 64 38 To
322 1759 4 54 •
338 1760 233 53 appreciate
599 1773 81 26 our
718 1773 150 33 means,
902 1759 131 40 moral
1061 1760 78 39 and
1172 1759 201 53 physical,
1411 1759 57 41 let
1495 1773 45 27 us

185 1835 176 39 suppose
407 1837 25 25 a
481 1822 234 46 CHATHAM,
759 1822 94 39 with
892 1822 72 39 the
1002 1822 299 39 uncontrouled
1339 1822 201 40 influence

185 1884 136 40 which
343 1884 59 40 his
420 1885 145 52 genius
583 1884 80 39 and
683 1884 135 38 virtue
831 1881 146 41 should
997 1883 142 40 entitle
1157 1883 85 39 him
1264 1889 64 41 to,
1365 1889 154 35 entrust-

184 1946 53 40 ed
257 1946 96 39 with
371 1946 71 39 the
459 1946 200 39 direction
679 1945 53 40 of
752 1959 73 26 our
844 1945 150 40 affairs.
1054 1945 109 39 With
1182 1946 71 39 the
1272 1959 136 39 army,
1429 1959 106 39 navy

183 2009 84 38 and
289 2008 176 40 finances
484 2008 48 38 of
544 2007 71 40 the
634 2011 175 47 country
827 2011 44 34 at
891 2007 61 38 his
969 2006 193 53 disposal,
1194 2007 63 39 his
1272 2009 265 52 soarinrand

183 2069 341 51 comprehensive
559 2069 116 40 mind
712 2068 130 41 would
878 2074 111 35 erect
1035 2082 27 25 a
1104 2069 255 53 stupendous
1407 2070 132 39 fabric

182 2130 136 39 which
356 2144 59 27 we
449 2144 116 38 grow
598 2131 122 52 dizzy►
755 2130 39 39 in
828 2128 340 53 contemplating.
1238 2131 91 39 The
1376 2139 159 46 present

183 2191 198 41 situation
410 2191 53 40 of
489 2192 69 38 the
582 2205 150 40 enemy
763 2192 39 39 in
831 2191 119 53 Spain
969 2191 53 40 he
1041 2191 135 40 would
1194 2192 188 41 consider
1406 2207 44 26 as
1466 2196 71 39 the

183 2258 113 34 most
328 2254 229 52 auspicious
587 2255 295 38 circumstance
913 2251 130 41 which
1075 2252 168 40 fortune
1274 2254 74 39 has
1385 2254 40 40 in
1463 2256 73 41 her

183 2328 143 39 power
356 2320 44 34 to
428 2314 130 46 offer;
591 2315 79 39 and
692 2328 61 26 we
774 2314 104 39 form
898 2327 51 27 an
970 2327 223 27 erroneous
1209 2316 175 51 opinion
1404 2317 50 40 of
1467 2319 70 40 the

182 2382 148 33 extent
348 2376 74 38 and
445 2388 135 39 power
600 2376 52 39 of
674 2378 154 38 human
849 2375 193 45 abilities,
1076 2376 37 38 if
1137 2376 53 39 he
1218 2378 136 39 would
1374 2383 74 34 not
1466 2392 70 27 Cu-

180 2439 204 45 deavour,
418 2438 54 52 by
507 2450 77 27 one
611 2437 53 40 of
685 2437 117 41 those
828 2435 98 41 bold
956 2438 233 52 operations
1222 2438 132 40 which
1393 2443 143 50 genius

146 2506 7 7 •
180 2500 126 40 alone
324 2513 74 27 can
415 2499 150 47 devise,
594 2504 48 35 to
674 2499 216 40 terminate
909 2503 43 35 at
971 2512 102 27 once
1094 2499 152 40 French
1269 2500 165 53 rivality
1454 2503 79 39 and

181 2562 253 52 opposition.
493 2561 106 39 That
634 2567 122 47 great
793 2559 254 48 Statesman,'
1072 2561 196 52 prepared
1306 2561 69 40 for
1410 2576 123 40 every

180 2637 265 31 occurrence,
478 2623 132 41 would
632 2623 152 54 always
802 2623 103 39 have
925 2636 78 26 our
1022 2622 132 40 whole
1172 2623 231 53 disposable
1422 2624 112 40 force

180 2687 130 52 ready
330 2687 64 39 for
413 2686 235 41 immediate
685 2685 304 46 embarkatiOn,
1028 2685 78 39 and
1126 2698 51 26 an
1196 2686 203 52 adequate
1419 2700 87 27 num-

178 2748 79 40 ber
288 2748 51 40 of
364 2753 226 47 transports
624 2753 45 34 to
702 2761 154 38 convey
876 2746 115 39 them
1011 2746 206 41 wherever
1237 2747 109 41 their
1364 2750 171 41 services

178 2810 141 53 might
350 2811 48 39 be
432 2807 203 54 required.
696 2811 76 37 We
806 2802 74 45 will
914 2813 76 33 not
1022 2807 123 40 insult
1172 2807 71 41 the
1273 2822 188 43 memory
1492 2813 46 39 of

176 2874 99 39 that
292 2880 116 46 great
428 2885 97 26 man
544 2872 51 53 by
617 2885 104 26 even
744 2870 142 53 asking
919 2871 71 38 the
1023 2870 202 54 question,
1259 2871 35 39 if
1317 2872 53 39 he
1400 2874 136 39 would

177 2936 111 39 have
309 2935 125 39 issued
454 2934 139 39 orders
612 2934 156 39 similar
794 2939 43 33 to
861 2934 119 39 those
1000 2933 190 52 reported
1222 2939 43 34 to
1297 2935 107 40 have
1431 2937 103 39 been

177 3002 93 34 sent
289 2998 54 52 by
364 2996 70 39 the
448 3002 159 47 present
622 2996 188 45 Cabinet,
830 3008 52 33 on
901 2996 208 52 receiving
1129 2996 60 39 Sir
1205 2998 115 38 JOHN
1344 3000 191 39 MoonE'S

176 3059 246 53 dispatches.
482 3061 61 38 No
560 3076 9 21 :
605 3059 63 39 his
685 3057 90 40 soul
796 3071 78 26 was
892 3063 77 35 not
994 3063 46 34 to
1072 3059 50 39 be
1149 3059 178 40 daunted
1359 3061 51 50 by
1431 3061 84 40 ditli

177 3120 168 46 cultics,
376 3135 50 25 or
445 3120 200 53 surprised
666 3120 56 52 by
744 3132 188 27 rumours
996 3120 72 39 the
1084 3126 181 33 moment
1281 3122 50 38 he
1351 3124 181 40 received

177 3184 77 39 the
283 3182 272 52 intelligence,
588 3195 25 25 a
650 3180 254 53 telegraphic
941 3181 183 53 dispatch
1159 3183 133 39 would
1333 3184 105 40 have
1472 3188 40 38 in-

176 3243 158 53 stantly
370 3244 171 39 ordered
570 3249 45 33 to
650 3243 137 52 repair
817 3247 41 37 to
894 3242 107 40 their
1036 3243 244 41 destination
1319 3246 73 41 the
1420 3260 83 30 com-

176 3311 195 40 manders
402 3312 45 38 of
475 3324 79 26 our
586 3309 117 40 fleets
736 3309 74 39 and
843 3309 162 39 armies.
1064 3313 79 37 But
1175 3311 31 39 it
1243 3312 31 39 is
1310 3314 148 40 useless
1489 3330 43 26 as

176 3373 94 40 well
292 3387 44 26 as
353 3374 262 53 impertinent
633 3378 47 34 to
702 3371 164 53 indulge
883 3385 105 27 even
1011 3372 40 40 in
1072 3386 22 26 a
1113 3374 255 52 supposition
1390 3377 50 39 of
1462 3378 71 39 the

177 3436 106 40 kind
301 3454 12 27 ;
347 3436 80 46 for,
459 3435 124 40 under
613 3449 53 26 an
699 3433 325 40 administration
1063 3435 84 40 like
1186 3436 74 47 his,
1299 3451 79 26 our
1416 3454 110 32 arm%

176 3496 142 43 would
347 3503 72 34 not
446 3498 54 39 be
530 3496 177 40 reduced
741 3501 43 35 to
814 3496 70 40 the
912 3497 241 54 mortifying
1179 3498 279 53 predicament
1487 3506 50 37 of

177 3559 135 53 flying
332 3559 141 40 before
493 3559 66 40 the
578 3572 163 38 enemy.
798 3557 159 39 Instead
987 3557 50 39 of
1063 3565 51 33 30
1133 3574 46 25 or
1198 3565 150 43 35,000
1370 3575 106 34 men,
1507 3578 22 26 a

175 3620 157 41 :British
365 3620 111 41 force
506 3621 50 38 of
583 3624 189 41 130,000,
804 3620 223 40 conducted
1058 3621 52 52 by
1131 3635 24 26 a
1176 3624 353 50 MaaLnonosen,

176 3683 92 52 (for
298 3681 146 41 talents
476 3689 136 34 create
645 3681 184 51 talents,)
865 3681 132 39 would
1030 3683 122 47 have,
1188 3698 25 25 a
1251 3687 144 39 month
1433 3702 96 40 ago,

174 3744 139 41 seized
334 3746 67 38 the
424 3758 130 40 passes
574 3743 48 41 of
637 3744 72 39 the
728 3746 215 50 Pyrenees,
973 3745 78 39 and
1071 3746 93 39 shut
1186 3759 53 39 up
1261 3749 268 43 BONAPARTE

176 3808 84 40 and
281 3807 63 39 his
361 3820 115 38 army
498 3806 63 39 foe
576 3819 99 26 ever
694 3806 43 39 in
759 3807 131 51 Spain.
950 3807 97 39 This
1067 3821 91 39 may
1191 3808 51 40 be
1272 3811 159 40 termed
1453 3811 77 40 idle

177 3875 99 34 rant
295 3869 78 39 and
392 3872 276 47 extravagant
702 3867 263 53 speculation.
1024 3872 61 38 To
1104 3869 107 40 fools
1230 3872 77 39 and
1328 3875 200 46 cowards,

172 3945 130 40 every
322 3931 118 54 thing
459 3931 189 46 decisive,
684 3931 80 39 and
782 3931 158 53 beyond
960 3932 69 40 the
1059 3947 124 39 range
1212 3935 50 39 of
1281 3935 109 40 their
1416 3952 109 39 puny

174 3994 363 53 elmprehension,
569 3994 31 39 is
633 3993 195 40 ridiculed
860 4007 43 26 as
939 3994 320 54 impracticable.
1317 3999 208 57 Quitting,

172 4059 213 44 however,
404 4055 278 54 speculations
704 4055 51 39 of
768 4056 76 38 this
862 4062 159 43 nature,
1059 4057 66 41 for
1146 4059 107 39 what
1271 4059 33 40 it
1326 4061 30 40 is
1376 4076 87 26 now
1485 4065 39 38 in

172 4131 86 28 our
278 4133 135 40 power
432 4126 47 33 to
500 4117 200 53 perform,
735 4131 46 25 or
808 4117 69 40 the
906 4120 201 40 Ministers
1137 4122 51 39 of
1214 4134 76 34 our
1322 4126 104 39 time
1455 4139 70 27 are

172 4182 161 53 svilling
364 4187 44 35 to
441 4181 169 44 hazard,
650 4194 59 25 we
731 4179 76 40 will
828 4180 98 39 take
945 4182 69 39 the
1033 4182 144 53 liberty
1200 4183 48 39 of
1269 4188 254 53 suggesting,

172 4250 48 37 at
250 4244 117 52 least,
397 4244 73 43 the
487 4243 195 54 necessity
704 4243 50 41 of
777 4243 210 54 removing
1016 4245 69 41 the
1111 4245 137 56 public
1278 4251 246 51 uneasiness,

1631 48 28 14 *-
2242 65 6 6 •

905 61 21 26 r
1035 66 90 40 row
1750 56 99 56 ritt
2169 60 28 59 4b
2197 60 14 59 i
2211 60 14 59 s
2225 60 15 59 '

1031 116 8 7 -
1061 105 5 18 •

821 122 19 30 *
840 122 38 30 A-
907 129 38 24 P
1074 133 130 58 TITE
1204 133 33 58 .
1259 138 385 53 NATIONAL
1681 124 386 64 REGISTER..
2068 128 30 37 g
2189 119 35 43 r

2463 71 21 12 ,t
2522 73 25 12 •.

2663 133 163 53 JAN.
2871 137 84 52 15.

1617 260 50 51 by
1688 259 193 56 ordering
1900 260 70 40 the
1990 256 244 54 Expedition
2258 256 278 57 immediately
2557 266 43 34 to
2619 259 90 41 sail.
2750 257 187 45 Whither
2952 267 15 34 ?

1616 328 43 33 to
1693 322 102 53 Vigo
1824 309 299 66 undoubtedly,
2154 327 41 34 to
2225 328 243 47 co-operate
2500 322 98 39 with
2631 322 111 39 their
2769 330 174 47 country-

1616 398 104 34 men,
1752 399 52 26 or
1832 398 123 28 cover
1983 384 107 41 their
2118 385 305 40 embarkation.
2480 387 78 38 We
2582 385 230 54 absolutely
2839 390 128 48 reject

1615 446 69 39 the
1700 448 176 39 number
1893 448 50 39 of
1955 446 270 47 Frenchmen,
2257 446 132 39 which
2427 452 65 34 the
2526 448 203 50 Morning
2759 449 208 40 Chronicle

1615 511 74 39 and
1710 511 122 39 other
1852 516 115 47 party
1985 511 169 51 Papers,
2184 511 236 52 opposition
2456 523 44 26 as
2530 510 87 40 well
2652 524 41 25 as
2709 510 256 46 ministerial,

1615 572 103 40 have
1735 572 198 41 detachNl
1954 572 39 40 in
2011 572 162 52 pursuit
2192 572 51 39 of
2256 586 79 26 our
2353 586 116 39 army
2489 589 12 28 ;
2531 572 78 39 and
2643 586 71 26 are
2751 572 122 40 much
2904 572 41 39 in-

1612 631 126 45 clined
1756 641 45 34 to
1824 634 155 41 believe
1996 634 100 52 they
2115 633 53 39 do
2189 638 74 35 not
2283 639 172 35 amount
2474 639 46 35 to
2541 639 150 43 50,000
2712 647 106 26 men.
2870 635 93 39 The

1612 694 74 41 last
1706 696 176 41 Bulletin
1910 696 50 40 of
1980 696 72 40 the
2078 707 143 39 enemy
2249 709 129 27 seems
2405 702 44 34 to
2478 696 269 41 corroborate
2767 696 78 39 this
2864 709 76 27 con-

1603 762 161 46 jecture
1779 776 13 27 ;
1830 761 78 38 and
1936 758 37 40 if
1995 757 206 41 Ministers
2228 758 109 40 have
2365 772 78 39 any
2473 763 157 48 respect
2648 757 67 40 for
2733 758 107 40 their
2867 772 96 26 own

1610 820 252 51 reputation,
1894 833 78 40 any
1993 819 210 41 deference
2222 820 67 41 for
2301 820 148 57 public
2467 820 187 53 opinion,
2686 835 48 25 or
2753 833 25 26 a
2796 820 94 40 wish
2914 828 48 33 to

1610 881 177 53 perform
1807 895 80 39 any
1907 883 118 52 thing
2044 882 188 41 effective
2265 883 41 39 in
2342 889 172 47 support
2546 883 52 39 of
2626 883 69 39 the
2728 883 230 52 Spaniards,

1607 943 98 54 they
1731 945 83 40 will
1843 958 148 39 expose
2022 945 244 40 themselves
2293 960 56 26 no
2379 960 116 27 more
2528 951 45 34 to
2608 946 71 39 the
2709 945 248 53 imputation

1607 1006 91 40 that
1731 1020 126 39 every
1897 1007 152 52 trifling
2085 1007 183 53 dispatch
2306 1009 33 39 is
2374 1007 171 54 capable
2581 1007 51 40 of
2661 1007 301 52 disconcerting

1607 1067 104 41 their
1728 1068 116 56 plans
1861 1070 77 40 and
1954 1069 234 56 paralysing
2205 1072 106 39 their
2330 1072 164 52 vigour.

1854 1227 296 45 FOREIGN
2186 1227 523 46 INTELLIGENCE.

1869 1341 174 39 FROM
2053 1341 118 39 THE
2187 1341 244 39 FRENCH
2448 1341 46 39 P.
2518 1341 22 39 4
2564 1341 115 39 PERc.

1606 1450 335 38 TWENTIETH
1965 1452 276 37 BULLETIN
2268 1453 71 34 OF
2359 1453 112 35 THE
2493 1452 161 37 ARMY
2678 1452 71 35 OF
2771 1452 177 37 SPAIN.

1655 1519 207 41 MADRID,
1879 1519 298 35 DEC.l9.—liis
2193 1520 165 46 Majesty
2376 1520 72 35 this
2466 1521 78 43 day
2563 1519 187 35 reviewed
2769 1519 63 34 the
2846 1530 111 34 army

1607 1566 125 35 which
1756 1569 30 32 is
1802 1573 40 28 at
1864 1569 164 41 Madrid,
2060 1569 91 34 with
2181 1570 52 33 all
2271 1569 45 33 its
2349 1569 189 45 equipage
2568 1569 70 33 and
2655 1569 296 45 appointments.

1607 1615 111 45 Sixty
1739 1615 181 34 thousand
1938 1626 94 31 men,
2055 1616 72 34 150
2146 1617 123 44 pieces
2287 1616 45 34 of
2343 1628 155 31 cannon,
2515 1626 103 24 more
2639 1616 87 33 than
2748 1615 91 33 1500
2856 1620 102 27 carts

1606 1662 132 35 loaded
1757 1663 93 34 with
1870 1663 135 34 biscuit
2021 1665 72 33 and
2113 1664 158 45 hrandy,
2306 1663 143 35 formed
2478 1675 50 24 an
2554 1663 227 44 assemblage
2799 1663 135 33 formid-

1604 1710 87 34 able
1709 1711 37 33 in
1762 1721 117 34 every
1897 1716 158 50 respect.
2109 1711 79 34 The
2218 1710 103 45 right
2340 1711 44 33 of
2396 1713 59 33 the
2469 1723 109 33 army
2603 1722 74 24 was
2704 1711 183 35 utationed
2906 1721 50 24 ou

1609 1757 198 34 Charmart
1815 1760 52 39 in,
1884 1759 70 33 and
1967 1760 64 33 the
2049 1759 69 34 left
2130 1759 185 35 stretched
2335 1760 146 44 beyond
2496 1760 169 34 Madrid.

1858 1806 5 0 .
2386 1806 11 0 .

1652 1806 80 34 The
1753 1807 116 34 Duke
1885 1807 44 33 of
1944 1806 159 37 Belluna
2119 1808 77 34 still
2209 1808 190 34 continues
2415 1813 40 30 at
2473 1808 145 34 Toledo
2637 1806 94 37 with
2752 1806 63 35 the
2831 1806 124 35 whole

1603 1853 44 35 of
1662 1853 57 35 his
1734 1865 126 33 corps.

1651 1902 80 34 The
1752 1903 117 34 Duke
1886 1902 41 33 of
1949 1902 182 38 Dantzic.
2148 1903 94 35 with
2263 1903 64 35 the
2346 1903 123 38 whole
2486 1903 47 35 of
2549 1902 56 37 his
2620 1915 129 34 corps,
2765 1903 79 35 still
2867 1911 67 26 con-

1602 1950 118 34 tinues
1737 1956 40 28 at
1796 1950 181 35 Talavira
1991 1951 46 33 de
2057 1952 39 32 la
2117 1950 143 45 Reyna.

1651 1998 80 34 The
1747 1998 65 33 Bth
1832 2009 110 33 corps
1959 1998 64 33 has
2042 1996 152 37 arrived
2212 2006 40 27 at
2271 1998 159 45 Burgos.

1652 2047 158 34 General
1834 2047 54 33 St.
1912 2046 77 45 Cyr
2017 2047 31 33 is
2079 2044 161 47 forming
2268 2047 56 35 his
2344 2047 176 46 junction
2551 2052 41 31 at
2619 2048 213 34 Barcelona
2856 2046 97 35 with

1603 2094 161 35 General
1779 2094 198 35 Duhesme.

1652 2143 79 33 Our
1747 2148 105 39 posts
1869 2143 43 34 of
1928 2143 156 46 cavalry
2101 2153 67 24 are
2184 2143 168 46 clearing
2370 2144 61 34 the
2459 2143 111 35 roads
2593 2148 38 30 to
2652 2144 61 34 the
2735 2143 150 34 borders
2911 2143 46 33 of

1605 2189 223 37 Andalusia.

1652 2238 78 33 The
1746 2237 188 47 Emperor
1954 2238 64 34 has
2031 2238 110 44 given
2160 2239 61 33 the
2239 2249 106 35 army
2365 2251 21 22 a
2406 2239 73 34 few
2496 2239 92 44 days
2606 2239 44 33 of
2663 2249 145 37 repose.

1652 2285 104 45 Very
1775 2285 73 35 fine
1872 2285 262 34 fortifications
2156 2297 64 24 are
2237 2288 177 44 carrying
2435 2298 46 22 on
2513 2297 99 34 upon
2637 2288 64 32 the
2735 2285 148 46 heights
2911 2288 28 32 o!
2940 2288 15 32 .

1604 2333 162 37 Madrid.
1824 2336 67 33 Six
1911 2334 180 34 thousand
2104 2344 81 24 men
2202 2346 66 24 are
2284 2336 197 43 employed
2502 2344 48 22 on
2571 2335 97 33 these
2691 2335 142 33 works.

1649 2381 81 34 The
1754 2383 107 33 small
1892 2381 189 43 besieging
2099 2383 113 40 train,
2231 2383 202 44 composed
2464 2381 45 35 of
2531 2383 256 43 24-pounders
2815 2382 70 33 and
2913 2381 45 32 of

1599 2430 106 32 small
1724 2438 174 31 mortars,
1923 2430 27 32 is
1968 2427 168 34 arrived.

1648 2476 123 34 There
1792 2477 66 33 has
1876 2477 90 33 been
1982 2476 113 33 found
2113 2481 41 28 at
2180 2477 239 35 Talaverade
2447 2477 46 33 de
2525 2476 39 34 la
2596 2476 139 45 Regna,
2764 2476 116 34 about
2906 2476 22 34 5

1600 2533 79 25 men
1700 2525 32 32 in
1752 2525 65 33 the
1839 2524 197 44 hospitals,
2057 2528 78 31 two
2153 2535 44 24 or
2213 2525 105 34 three
2339 2524 163 35 hundred
2520 2524 157 41 saddles,
2692 2524 72 33 and
2778 2533 97 25 some
2891 2535 40 21 re-

1602 2572 112 33 mains
1733 2572 45 33 of
1792 2572 213 41 magazines
2023 2572 198 45 belonging
2241 2577 38 28 to
2304 2572 63 34 the
2391 2572 152 45 English
2564 2578 144 38 troops.
2761 2572 106 33 Some
2885 2572 45 32 de-

1602 2619 203 35 tachments
1822 2620 44 33 of
1880 2621 151 43 cavalry
2056 2620 96 34 have
2180 2621 109 33 made
2307 2620 100 34 their
2425 2630 237 34 appearance
2686 2620 37 32 in
2743 2619 65 33 the
2825 2620 106 43 neigh-

1602 2666 196 35 bourhood
1817 2667 45 34 of
1876 2667 234 35 Valladolid.
2163 2668 91 33 This
2274 2668 31 33 is
2322 2668 63 32 the
2405 2668 77 33 first
2499 2673 188 40 symptom
2708 2665 44 34 of
2761 2667 190 34 existence

1603 2715 123 33 which
1756 2717 65 32 the
1859 2715 150 43 English
2039 2715 97 33 have
2154 2715 201 33 indicated.
2409 2717 119 32 Their
2548 2715 78 33 sick
2657 2714 73 33 and
2761 2713 99 35 their
2885 2713 45 33 de-

1600 2769 130 27 serters
1755 2773 66 22 arc
1838 2763 35 33 in
1889 2769 103 39 great
2017 2764 165 34 number.
2236 2764 58 34 On
2327 2763 64 33 the
2420 2764 86 33 13th
2536 2763 45 33 of
2606 2761 213 37 December
2851 2760 100 34 their

1599 2820 106 33 army
1726 2820 76 24 was
1818 2811 77 33 still
1912 2817 40 27 at
1971 2810 233 35 Salama:ica.
2274 2811 97 34 Such
2404 2810 272 44 distinguished
2704 2807 209 35 self-denial
2934 2820 12 26 ;

1600 2859 86 33 such
1706 2868 24 24 a
1746 2858 165 43 singular
1929 2863 93 28 state
2049 2858 44 33 of
2125 2859 227 43 inurnbility
2381 2858 60 34 for
2467 2858 65 34 the
2561 2859 71 33 last
2659 2858 60 34 six
2751 2857 201 33 successive

1602 2906 141 40 weeks,
1760 2910 97 28 must
1873 2906 47 33 be
1936 2906 295 46 acknowledged
2262 2913 38 27 to
2326 2907 94 33 hare
2438 2907 64 34 the
2519 2915 237 37 appearance
2776 2906 43 34 of
2830 2914 98 25 some-

1599 2953 105 44 thing
1719 2963 90 33 very
1825 2953 309 44 extraordinary.

1649 3001 70 34 His
1736 3001 165 46 Majesty
1919 3000 131 47 enjoys
2067 3002 64 33 the
2147 3005 93 31 most
2259 3000 145 46 perfect
2421 3006 96 30 state
2532 3001 44 34 of
2585 3002 144 34 health.

1853 3136 161 39 FROM
2041 3137 118 39 THE
2185 3138 242 39 SPANISH
2453 3136 231 41 PAPERS.

1880 3265 405 39 CAPITULATION
2319 3266 67 38 OF
2415 3265 243 40 MADRID.

1678 3393 158 34 FROM
1863 3394 110 34 THE
1998 3394 234 34 MADRID
2258 3394 273 43 GAZETTE,
2557 3394 102 37 DEC.
2688 3394 40 43 7,
2758 3393 104 38 ISOS.

2060 3495 422 37 CAPITULATION

1599 3572 229 28 PROPOSED
1850 3574 57 25 EY
1923 3574 331 26 THEMILITARY
2269 3576 177 25 ANDfCIV
2459 3576 43 24 IL
2515 3575 145 26 JUNTA
2676 3576 57 25 OF
2752 3578 195 32 MADRID,

1642 3621 53 26 TO
1716 3622 74 25 lIIS
1813 3622 224 25 IMPERIAL
2055 3622 91 26 AND
2161 3622 150 26 ROYAL
2333 3622 204 27 MAJESTY
2555 3625 90 25 THE
2665 3625 209 27 EMPEROR
2893 3630 53 24 OF

1643 3669 89 26 THE
1754 3670 200 25 FRENCH.

1643 3720 84 35 Art.
1748 3722 170 35 I.—The
1951 3723 256 45 preservation
2233 3723 46 34 of
2308 3724 65 34 the
2407 3723 194 44 Catholic,
2629 3724 216 47 Apostolic,
2872 3728 72 34 and

1597 3768 142 37 Roman
1761 3770 190 41 Religion,
1972 3771 163 34 without
2150 3782 74 35 any
2246 3772 111 33 other
2376 3772 106 46 being
2502 3774 141 45 legally
2661 3774 201 37 tolerated.

1641 3816 403 38 Answer.—Granted.

1641 3875 86 34 Art.
1750 3876 196 33 11.--The
1963 3878 142 44 liberty
2122 3878 70 34 and
2206 3878 164 45 security
2391 3878 45 34 of
2456 3879 64 34 the
2536 3879 176 34 liveinnd
2734 3881 213 44 properties

1592 3922 46 34 of
1659 3924 61 34 the
1739 3924 157 34 citizens
1915 3925 66 33 and
2010 3925 112 35 other
2146 3937 151 34 persons
2316 3926 162 45 residing
2499 3928 34 40 in
2554 3926 169 44 Madrid,
2743 3939 40 22 as
2803 3930 83 32 well
2904 3941 41 24 as

1593 3971 43 35 of
1657 3971 103 34 those
1781 3972 35 33 in
1839 3973 128 44 public
1981 3973 295 45 employments:
2306 3976 65 33 the
2382 3976 255 45 preservation
2652 3976 45 33 of
2709 3976 102 34 their
2828 3978 97 34 situa-

1593 4020 109 39 tions,
1720 4030 43 24 or
1780 4020 64 33 the
1864 4022 130 44 option
2027 4020 45 35 of
2096 4022 99 33 their
2229 4023 159 46 retiring
2413 4024 97 33 from
2530 4024 76 34 this
2626 4024 137 41 Court,
2796 4023 34 34 if
2852 4025 87 46 they

1591 4068 130 34 should
1741 4068 125 44 prefer
1884 4070 292 34 it.—Likewise
2192 4070 61 34 the
2267 4070 109 44 lives,
2405 4072 217 44 privileges,
2639 4072 71 33 and
2733 4074 214 45 properties-

1591 4116 45 33 of
1656 4117 61 33 the
1736 4117 145 34 secular
1897 4119 70 33 and
1993 4119 149 45 regular
2165 4120 257 34 Eccle=iasties
2439 4120 43 34 of
2504 4120 92 34 both
2621 4130 123 30 sexes,
2770 4122 172 41 together

1596 4165 90 34 with
1702 4163 61 34 the
1785 4170 144 39 respect
1954 4166 71 34 due
2054 4170 40 31 to
2128 4166 64 37 the
2213 4167 209 45 Churches,
2439 4169 52 34 all
2512 4168 37 37 in
2567 4168 228 48 conformity
2816 4174 38 30 to
2872 4180 71 25 our

1589 4213 96 34 laws
1701 4213 70 33 and
1791 4220 171 28 customs.

1639 4261 407 35 Answer;—Granted.

0 0 262 332 r,ever
262 0 45 332 l

203 332 104 39 adhe,

5 1011 150 70 ~.104,1
155 1011 64 70 41,
219 1011 21 70 4
240 1011 21 70 1
261 1011 85 70 4fre
346 1011 21 70 '
367 1011 21 70 v
389 1011 21 70 p
410 1011 45 70 ue
481 1024 103 26 secre

79 1082 70 41 -;,
185 1072 19 54 i
204 1072 132 54 sts:l4.
392 1074 77 39 asis
487 1072 51 41 of
550 1087 33 26 of

282 1149 20 39 .
364 1149 20 39 ,
405 1149 20 39 r
445 1149 131 39 years,

24 1204 39 18 ---
145 1202 34 51 ,„
180 1202 17 51 ;
196 1202 87 51 440t,
319 1217 25 26 0
400 1199 100 51 ning
533 1209 25 26 a
581 1199 2 54 i

1 1302 31 20 ~,

17 1269 13 18 '•
37 1296 6 17 ,
35 1281 8 6 •
90 1291 34 25 .r
130 1265 7 5 -

167 1261 30 58 ,
196 1261 387 58 Ofigtermaneni

96 1324 181 53 f_r4mir
295 1320 190 63 disppsal,
517 1335 66 27 moi

178 1398 211 98 4,
391 1384 32 119 ~.
84 1384 79 56 ',.1:
163 1384 15 56 -
178 1384 112 56 )olli.i
291 1384 15 56 f
306 1384 33 56 ou
357 1401 34 31 A.:
392 1398 22 105 t
428 1385 52 39 nd
500 1398 76 26 our

406 1446 157 39 uternal
582 1446 1 39 I

352 1505 92 53 Ole
470 1507 113 54 magic

274 1546 66 31 4-.0

25 1566 33 37 '4'
71 1573 67 35 At
157 1579 14 18 ',
200 1569 86 91 ~,--?',rl
318 1572 135 43 .-74:)ur
481 1583 103 27 mora

28 1612 7 15 e
61 1638 11 9 .
86 1606 17 52 4
103 1606 53 52 :0:
185 1603 118 44 f':,,
318 1625 9 8 ,
376 1603 5 56 •
389 1636 6 8 .

14 1651 54 53 .r;i
69 1651 13 53 (
81 1651 28 53 ..
132 1659 17 14 ,
279 1668 8 6 .
348 1639 27 38 r
387 1636 152 39 insular
553 1636 31 40 sit

33 1707 21 12 -
92 1706 9 6 '
189 1693 74 44 the
282 1702 217 35 statesman
519 1711 46 26 or
578 1711 6 33 1
