3521 4429
87 6 27 11 ..

18 83 39 77 ..
286 6 347 154 ----353111111
633 6 188 154 111111P
821 6 135 154 44111

269 168 73 51 42

48 273 14 25 1..

41 356 35 35 .1,

76 484 15 30 1.

61 552 19 37 .;

65 640 15 22 '.

35 898 6 109 f
41 898 26 109 77!'

35 1059 5 27 i

35 1083 2 15 •
59 1083 9 15 •

67 1281 6 26 '
73 1281 6 26 i
79 1281 7 26 .

33 1380 6 56 1
69 1372 14 24 .1

32 1440 17 52 1;
65 1450 25 34 0

31 1567 5 31 i

63 1620 8 17 I

63 1824 5 8 •

61 1856 2 33 '
77 1856 5 33 I

47 1891 25 35 ..i
72 1891 9 35 '

30 1984 6 26 i

63 2009 6 26 ?

37 2132 19 11 •••
70 2127 5 15 '

33 2202 4 26 ,
51 2202 6 24 i

76 2326 4 15 ;

76 2343 5 11 t

71 2370 18 20 i.

74 2419 4 21 S
78 2419 5 21 I

20 2472 7 17 i

56 2484 12 164 1
67 2484 26 164 11

21 2800 2 14 •
84 2800 5 14 I

40 3030 5 18 r

15 3409 4 30 '
19 3409 4 30 I

102 3501 2 19 1
104 3501 4 19 ,

9 3514 7 19 !
12 3497 7 14 i

17 3537 5 46 .
97 3537 6 46 1

102 3653 12 69 I

25 3738 11 13 '4
48 3738 11 13 A

50 3751 9 28 i
94 3751 5 32 !

25 3767 37 67 41

25 3834 24 53 tl
48 3834 13 53 !

26 3894 35 46 !II

107 4133 9 56 I

107 4189 8 41 I

20 4231 6 0 .
52 4231 7 0 .

2767 169 158 50 JAN.
2970 170 57 47 1.5

1170 172 148 50 THE
1355 170 385 64 NATIONAL
1774 171 260 77 REc;IST

268 304 43 39 in
333 305 69 40 the
420 313 174 33 contest.
653 309 93 38 Just
776 311 185 38 Heavens
979 312 8 33 !

1011 309 104 41 .Was
1152 309 115 39 there
1296 322 25 25 a
1349 321 99 26 man
1473 319 150 40 among

270 380 63 33 us,
370 369 196 39 intrusted
591 369 94 39 with
710 381 136 39 power
873 370 96 51 only
992 369 67 43 for
1081 370 69 47 the
1178 370 115 40 short
1306 381 120 41 space
1446 369 48 46 of
1508 369 113 39 three

268 444 136 40 :fears,
442 432 91 38 who
556 431 78 43 had
657 431 146 46 talents
831 432 78 46 and
935 444 151 41 energy
1109 436 44 35 to
1172 431 117 40 wield
1309 438 43 34 to
1369 432 71 40 the
1460 430 71 41 full
1550 443 47 32 ex-

267 497 93 34 tent
391 493 69 39 the
489 506 208 30 resources
722 493 51 39 of
800 494 71 46 the
904 498 174 46 country
1094 496 11 35 !
1161 494 87 38 The
1281 498 188 34 moment
1505 493 31 39 is
1571 506 44 27 so

269 555 233 54 anspicious
520 554 67 39 for
605 567 51 27 an
673 556 269 53 enterprising
961 555 161 53 people,
1165 555 35 39 if
1227 568 58 26 we
1311 554 163 56 neglect
1508 556 47 45 it,
1591 556 34 39 if

269 630 61 26 we
363 618 84 43 lose
465 617 33 39 it
539 617 183 52 through
761 618 71 40 the
861 619 231 52 impotence
1114 617 50 40 of
1191 630 26 26 a
1244 615 77 41 few
1352 613 141 57 public
1524 614 71 40 cha-

270 679 314 51 r.rcters.—The
605 680 91 44 idea
717 680 31 43 is
767 680 254 53 distracting.

322 783 39 37 It
389 794 80 26 was
489 780 208 54 generally
719 783 202 53 supposed
953 771 91 51 that
1067 780 161 41 Madrid
1246 780 77 39 had
1346 778 268 40 surrendered

269 854 45 37 at
332 849 231 45 discretion.
596 848 133 41 There
763 862 80 25 was
861 861 24 25 a
904 847 274 54 capitulation
1205 847 138 53 signed
1377 847 54 51 by
1462 847 152 38 MOHLA

268 915 81 40 and
370 921 79 33 two
465 915 155 45 others,
650 913 132 40 which
811 914 203 54 appeared
1036 913 40 39 in
1106 914 72 38 the
1195 913 161 38 Madrid
1381 914 174 37 Gazette
1574 911 46 39 of

268 981 73 50 the
352 981 71 46 Ith
441 981 73 39 ult.
570 983 73 38 We
661 981 105 39 have
788 981 171 39 inserted
980 980 72 44 the
1067 979 162 40 articles
1243 979 48 39 of
1312 978 81 40 this
1411 976 182 56 Capitula-

268 1046 90 38 tion
378 1062 13 28 ;
425 1045 78 39 and
519 1044 98 52 they
644 1043 156 40 furnish
821 1048 73 34 too
928 1042 120 40 much
1070 1057 120 25 cause
1212 1049 43 32 to
1274 1046 167 47 suspect
1460 1043 152 37 Motu.%

267 1110 81 40 and
367 1109 63 39 his
456 1109 217 40 associates
692 1106 50 39 of
758 1106 228 53 treachery.
1046 1108 103 38 How
1170 1106 195 52 afflicting
1389 1106 31 38 it
1439 1106 31 37 is
1485 1109 43 33 to
1548 1117 45 25 ac-

268 1183 96 28 cuse
391 1183 26 27 a
435 1169 188 47 General,
654 1181 100 28 once
788 1182 45 26 so
863 1168 98 52 high
994 1167 39 39 in
1055 1182 77 26 our
1149 1168 239 40 estimation
1419 1166 50 40 of
1478 1180 43 25 so
1539 1166 57 38 dis-

267 1232 184 53 graceful
472 1246 25 25 a
515 1232 142 39 crime.
715 1232 63 37 He
798 1233 175 51 enjoyed
989 1231 67 40 the
1076 1244 110 25 same
1204 1235 150 34 esteem
1381 1243 152 39 among
1556 1230 58 38 his

265 1300 268 47 countrymen
550 1310 12 30 ;
600 1293 79 38 and
711 1293 61 38 his
791 1293 174 39 decisive
985 1293 180 40 conduct:
1179 1298 45 34 at
1241 1292 122 39 Cadiz
1384 1305 80 25 was
1481 1290 106 39 consi-

266 1358 124 41 dered
407 1358 48 50 by
472 1356 72 39 the
560 1358 196 51 Supreme
774 1359 130 35 Junta
919 1369 43 26 as
981 1369 25 25 a
1023 1355 200 40 sufficient
1243 1359 228 48 guarantee
1491 1352 48 39 or
1552 1351 60 40 his

263 1421 143 39 future
423 1419 171 52 loyalty.
653 1419 131 39 Lnder
800 1419 79 38 this
899 1419 240 52 impression
1154 1417 98 52 they
1269 1417 209 38 entrusted
1499 1421 43 33 to
1553 1414 59 38 his

263 1486 167 48 talents,
459 1485 174 52 fidelity,
653 1485 79 39 and
746 1496 196 40 courage,
969 1483 72 40 the
1058 1485 223 51 important
1299 1483 165 39 defense
1483 1485 47 39 of
1545 1486 67 40 the

263 1548 165 53 capital.
485 1550 74 38 We
576 1547 79 40 feel
683 1561 51 25 au
756 1547 174 39 unusual
964 1546 233 41 reluctance
1213 1551 41 33 to
1276 1559 143 26 accuse
1444 1560 24 25 a
1489 1551 96 51 Span-

262 1611 89 41 nigh
370 1610 220 43 nobleman
622 1609 48 41 of
686 1609 216 51 treachery
922 1625 12 28 ;
965 1607 66 39 for
1062 1622 57 25 we
1141 1607 81 39 find
1243 1607 74 40 few
1346 1609 207 53 examples
1572 1610 39 39 in

265 1674 107 40 their
387 1672 171 53 history,
578 1672 50 39 of
641 1685 22 25 a
677 1672 195 52 Spaniard
891 1671 119 53 being
1028 1684 24 25 a
1070 1671 148 39 traitor
1233 1675 43 34 to
1297 1670 60 38 his
1370 1678 189 46 country.

317 1735 99 40 This
433 1735 270 52 capitulation
738 1747 79 25 was
847 1734 138 38 drawn
1020 1748 54 38 up
1107 1731 97 40 with
1243 1744 24 26 a
1296 1739 120 46 great
1448 1733 87 40 deal
1569 1735 51 39 of

265 1805 79 39 art,
377 1798 77 39 and
483 1811 80 25 was
591 1795 206 53 probably
828 1795 183 41 dictated
1044 1796 52 51 by
1135 1799 113 37 'Boys
1258 1811 112 24 eAr,T
1380 1811 20 22 e
1439 1796 174 47 himself,

263 1860 175 40 without
467 1873 109 26 even
605 1858 195 53 deigning
834 1863 44 33 to
909 1856 159 40 consult
1100 1858 71 38 the
1208 1857 164 52 Spanish
1406 1859 203 39 Generals.

265 1925 65 38 He
350 1924 117 38 acted
484 1936 54 25 no
557 1922 132 39 doubt
713 1922 39 38 in
782 1924 164 35 concert
965 1919 97 40 with
1084 1919 125 39 them.
1267 1920 132 51 Every
1421 1920 141 39 article
1580 1920 33 40 is

263 1984 229 40 calculated
522 1989 45 34 to
596 1984 139 38 flatter
765 1983 70 37 the
867 1981 240 52 prejudices,
1137 1981 79 43 and
1248 1994 174 40 appease
1440 1983 69 39 the
1528 1984 61 39 ani-

262 2047 152 52 mosity
444 2044 48 40 of
521 2046 70 39 the
620 2044 261 39 inhabitants.
940 2044 80 38 But
1041 2044 71 39 the
1130 2049 105 34 most
1254 2048 164 35 curious
1437 2047 148 38 circum-

262 2115 139 34 stance
446 2109 46 45 is,
537 2109 92 38 that
663 2106 72 40 the
771 2119 120 26 mune
930 2105 52 40 of
1022 2105 64 39 his
1117 2106 170 40 brother
1333 2106 33 39 is
1408 2113 76 34 not
1511 2121 98 27 once

261 2173 237 41 mentioned
530 2173 40 38 in
608 2172 70 38 the
710 2169 132 39 whole
873 2169 249 39 transaction
1139 2185 12 30 ;
1181 2181 77 27 nor
1277 2169 72 40 has
1381 2170 52 39 he
1452 2170 156 54 figured

260 2250 46 25 as
340 2241 69 45 yet
441 2235 39 39 in
509 2246 79 39 any
620 2233 48 38 of
693 2232 67 39 the
789 2231 198 40 Bulletins
1006 2231 119 39 dated
1146 2230 110 41 from
1277 2232 177 40 Madrid.
1511 2236 73 38 For-

262 2298 129 53 merly
411 2310 120 39 every
553 2295 118 53 thing
692 2307 80 27 was
790 2294 106 38 done
917 2293 39 39 in
978 2293 69 39 the
1063 2306 119 26 name
1212 2293 51 39 of
1289 2293 110 54 King
1420 2296 157 38 JosEpu
1594 2311 13 28 ;

260 2362 80 38 and
359 2373 91 27 now
468 2359 52 39 he
541 2359 30 38 is
591 2356 168 40 as.little
777 2356 196 40 adverted
1004 2360 43 33 to
1074 2368 41 25 as
1148 2354 35 39 if
1205 2354 51 45 he
1284 2355 78 40 had
1391 2369 125 27 never
1539 2370 46 26 ex-

257 2422 118 39 isted.
433 2421 89 40 The
557 2419 117 41 small
712 2424 84 34 star
829 2419 30 41 is
894 2418 117 52 quite
1048 2417 202 39 absorbed
1286 2420 41 35 in
1365 2418 71 40 the
1470 2420 137 52 bright

257 2483 119 54 glare
397 2483 48 40 of
468 2481 71 47 the
559 2479 191 54 Imperial
770 2492 87 25 sun.
918 2481 37 37 It
969 2478 79 39 will
1067 2479 50 38 be
1148 2492 24 25 a
1204 2478 213 41 fortunate
1434 2481 146 40 circum-

261 2555 141 32 stance
420 2545 63 38 for
502 2546 180 40 JOSEPH,
717 2541 35 39 if
778 2541 51 39 he
862 2554 187 26 recovers
1078 2541 69 39 the
1178 2541 144 39 throne
1357 2546 47 34 of
1430 2542 174 53 Naples;

257 2609 66 39 for
344 2611 231 37 NAPOLEON
596 2617 129 27 seems
743 2609 45 33 to
807 2604 106 38 have
933 2617 24 25 a
977 2608 142 47 strong
1137 2602 131 41 desire
1285 2609 41 34 to
1342 2606 265 52 appropriate

256 2680 46 34 to
322 2672 61 39 his
404 2683 89 26 own
514 2683 70 26 use
602 2669 71 39 the
692 2667 150 39 throne
859 2665 50 40 of
924 2666 136 53 Spain.

307 2781 35 37 A
369 2779 162 51 RepoFt
550 2772 312 54 was,prevalent
895 2772 40 39 in
969 2772 72 39 the
1059 2785 144 26 course
1224 2771 48 41 of
1285 2773 69 39 the
1375 2773 116 40 week
1511 2776 92 40 that

256 2854 52 26 an
332 2842 285 51 Engagement
645 2835 80 39 had
746 2833 125 40 taken
892 2833 116 52 place
1041 2833 177 40 between
1237 2833 70 40 the
1337 2848 94 27 rear
1459 2835 50 41 of
1537 2838 70 41 the

254 2902 151 41 British
425 2915 113 38 army
557 2898 78 40 and
659 2898 69 39 the
746 2896 209 40 advanced
989 2896 130 52 guard
1152 2896 50 39 of
1217 2897 70 39 the
1302 2911 162 40 enemy.
1521 2902 85 38 Our

253 2970 148 46 troops
419 2978 69 25 are
506 2962 85 40 said
608 2966 43 34 to
673 2960 106 38 have
795 2959 102 38 been
912 2956 244 56 completely
1178 2959 239 39 victorious.
1475 2965 43 37 In
1538 2962 67 40 the

255 3028 79 39 last
350 3024 226 53 dispatches
594 3022 106 39 from
723 3022 60 38 Sir
802 3022 41 38 J.
861 3021 177 43 MooaE,
1087 3033 61 26 we
1165 3020 103 40 have
1286 3021 217 40 remarked
1533 3035 47 26 no-

256 3089 118 52 thing
394 3089 125 38 which
539 3084 122 43 could
676 3084 146 39 induce
837 3094 46 27 us
898 3086 45 34 to
963 3080 157 41 believe
1131 3081 92 40 that
1240 3096 48 26 an
1302 3097 247 28 occurrence
1563 3086 47 39 of

254 3155 93 38 that
363 3150 98 39 kind
477 3162 80 25 was
575 3161 45 27 so
641 3159 92 39 very
751 3158 99 26 near
866 3148 44 35 at
924 3143 109 40 hand
1050 3161 12 30 ;
1094 3144 73 40 but
1179 3158 61 26 we
1264 3145 53 40 do
1332 3154 73 32 not
1421 3148 102 53 deny
1538 3150 69 37 the

256 3211 223 54 possibility
495 3211 50 38 of
555 3211 48 45 it,
621 3210 170 39 because
803 3220 60 26 we
878 3208 124 38 know
1016 3207 70 39 the
1103 3208 152 39 French
1273 3221 67 26 are
1357 3209 39 39 in
1409 3209 69 40 the
1493 3210 113 41 habit

254 3276 50 41 of
321 3274 278 54 transporting
620 3285 24 25 a
665 3270 106 52 body
793 3270 50 39 of
857 3270 178 51 infantry
1057 3269 150 39 behind
1227 3283 48 25 an
1294 3270 120 52 equal
1435 3273 171 39 number

255 3339 51 43 of
319 3340 233 39 horsemen.
609 3335 217 44 However,
857 3333 79 38 this
956 3346 60 25 we
1035 3345 76 26 can
1131 3331 137 54 boldly
1290 3339 142 43 assert,
1467 3335 90 39 that
1576 3335 35 40 if

253 3402 99 41 such
374 3415 51 26 an
459 3402 123 38 event
612 3397 73 39 has
704 3394 211 47 occurred,
945 3394 79 39 and
1057 3394 116 39 there
1193 3394 73 39 has
1287 3394 100 40 been
1411 3398 195 53 anything

252 3467 89 40 like
360 3480 25 25 a
402 3464 130 54 parity
555 3461 50 40 of
628 3459 207 46 numbers,
865 3458 71 40 the
956 3456 141 40 efforts
1113 3457 51 40 of
1191 3471 78 26 our
1303 3459 168 39 soldiers
1504 3459 103 39 have

253 3533 106 39 been
379 3528 161 54 equally
561 3526 187 53 glorious
781 3524 77 40 and
880 3523 234 41 successful.
1170 3526 76 38 We
1278 3539 76 26 can
1385 3539 56 26 no
1463 3527 142 52 longer

254 3600 53 38 be
339 3595 171 41 accused
529 3593 51 40 of
594 3591 201 52 fostering
814 3594 278 48 extravagant
1111 3589 242 53 prejudices,
1390 3591 54 53 by
1465 3592 122 40 antici-

252 3650 189 65 cipating
462 3658 69 38 the
552 3661 105 33 most
676 3653 182 54 splendid
878 3653 126 39 result
1022 3652 110 40 from
1152 3652 70 40 the
1241 3653 208 41 exertions
1469 3654 47 39 of
1530 3669 76 26 our

254 3720 263 54 army;--the
555 3717 83 39 late
671 3715 149 41 official
854 3718 178 35 account
1063 3713 109 40 from
1204 3715 60 39 Sir
1291 3717 117 38 JOHN
1447 3719 158 37 MoORE

248 3785 146 54 justify
435 3795 51 27 an
519 3780 272 52 anticipation
823 3776 51 40 of
905 3789 123 40 every
1062 3776 118 53 thing
1211 3781 117 48 great
1359 3778 79 39 and
1469 3780 133 46 noble,

252 3849 96 41 that
369 3842 233 44 undaunted
624 3842 191 50 bravery,
837 3852 46 26 or
913 3839 296 52 distinguished
1230 3839 209 53 discipline
1454 3854 69 27 are
1541 3856 43 24 ca-

252 3911 124 57 pable
396 3909 48 39 of
458 3904 270 58 performing.
768 3904 128 39 What
917 3906 222 50 rapturous
1157 3902 223 40 sensations
1403 3909 106 33 must
1528 3904 77 39 this

252 3973 301 44 consciousness
573 3969 50 39 of
637 3969 71 39 the
726 3965 249 53 superiority
997 3963 51 43 of
1062 3978 77 26 our
1159 3969 141 48 troops
1328 3965 135 39 afford
1481 3979 120 41 every

253 4033 242 48 individual,
526 4032 93 40 who
641 4031 32 39 is
702 4028 214 41 interested
940 4028 38 39 in
1000 4028 70 39 the
1091 4028 164 39 honour
1281 4028 78 39 and
1381 4031 222 52 prosperity

250 4100 53 43 of
326 4098 63 40 his
406 4101 190 47 country.
657 4094 84 38 Our
759 4090 124 41 naval
904 4089 307 54 pre-eminence
1243 4103 98 27 over
1359 4093 70 37 the
1448 4104 158 41 enemy,

252 4163 71 40 the
339 4160 158 43 vainest
514 4157 78 40 and
615 4161 106 34 most
741 4157 202 50 arrogant
959 4152 145 43 nation
1124 4152 191 54 existing,
1333 4152 69 40 did
1421 4159 72 34 not
1514 4155 93 40 dare

249 4232 46 37 to
317 4225 184 53 dispute;
531 4220 81 41 and
643 4219 71 40 the
746 4215 252 57 superiority
1018 4214 50 44 of
1091 4228 77 28 our
1189 4215 96 41 land
1315 4214 133 43 forces
1467 4217 33 40 is
1518 4230 90 30 now

304 4285 416 58 ually,.-coaspicuous.

1733 309 76 40 We
1834 311 105 43 have
1977 309 230 60 fre4iiently
2246 314 313 41 recommended
2597 317 71 38 the
2701 313 200 52 necessity
2940 312 51 39 of
3017 324 27 28 a

1688 370 172 57 floating
1894 389 132 41 army,
2056 379 135 40 whose
2228 379 237 52 operations
2494 376 145 43 should
2667 376 150 40 extend
2837 376 109 39 frnin
2967 374 72 37 the

1688 435 324 45 Mediterranean
2031 445 47 40 to
2113 441 69 40 the
2202 441 193 40 Channel.
2453 443 35 38 It
2510 454 171 40 appears
2713 445 43 33 to
2778 438 51 39 be
2858 450 89 26 now
2970 436 72 39 the

1688 495 200 46 intention
1906 500 51 41 of
1977 508 269 45 government
2275 508 45 34 to
2341 509 129 35 resort
2502 510 44 33 to
2567 503 79 38 this
2665 501 98 39 kind
2785 498 51 40 of
2846 498 191 40 warfare.

1687 557 72 39 We
1778 561 191 54 sincerely
1989 565 116 39 exult
2122 565 39 39 in
2181 565 425 46 thisdetermination,
2622 565 65 39 for
2704 563 117 39 there
2838 562 32 38 is
2890 575 52 25 no
2957 573 81 26 one

1687 620 118 41 mode
1824 622 51 39 of
1886 638 241 40 annoyance
2148 640 112 27 inure
2294 627 226 41 calculated
2542 633 44 34 to
2624 626 167 39 distract
2813 625 71 46 tbe
2904 630 112 32 atten-

1685 684 86 40 tion
1791 685 52 39 of
1856 686 67 40 the
1942 702 161 39 enemy.
2163 691 60 37 Ile
2259 689 32 40 is
2324 689 211 41 assailable
2570 703 52 25 on
2656 702 122 39 every
2815 687 110 45 side;
2954 685 80 41 and

1684 746 113 44 when
1818 748 51 40 he
1887 749 164 40 collects
2067 764 24 26 a
2107 752 197 39 sufficient
2321 751 111 40 force
2452 758 44 33 to
2519 751 109 53 repel
2646 764 111 33 ours,
2778 763 61 25 we
2857 746 176 40 ernly:rlz

1682 809 139 51 again,
1852 811 79 40 and
1954 811 39 40 in
2016 817 50 34 48
2082 813 125 39 hours
2228 827 22 25 a
2267 814 167 53 lauding
2453 815 30 40 is
2502 814 120 40 made
2647 819 77 33 200
2745 811 115 40 miles
2871 811 163 40 riii.ther

1682 870 69 39 oil:
1807 873 87 39 The
1915 873 129 40 whole
2065 875 163 52 regular
2241 889 115 39 army
2373 878 43 37 of
2431 876 66 39 the
2516 875 155 41 French
2691 878 31 37 is
2741 881 73 32 not
2830 873 204 40 sufficient

1682 937 43 34 to
1744 939 158 46 protect
1938 935 103 40 their
2078 943 145 37 coasts,
2254 951 41 25 as
2326 937 98 53 long
2456 951 44 26 as
2520 951 59 25 we
2598 951 69 25 are
2689 943 165 33 masters
2888 935 50 39 of
2965 935 69 37 :he

1681 994 159 46 Ocean;
1879 997 78 39 and
1978 998 30 37 it
2026 997 136 40 would
2194 1000 48 37 be
2263 1012 209 39 necessary
2496 1004 45 34 to
2561 1000 112 38 draw
2692 1012 50 25 an
2764 999 90 38 iron
2874 998 161 38 barrier

1680 1057 51 38 of
1739 1059 141 39 awned
1894 1072 91 26 men
2006 1061 130 38 round
2159 1061 105 40 their
2283 1061 198 40 extended
2515 1061 154 47 shores,
2698 1067 45 33 to
2761 1067 172 50 prevent
2957 1072 78 25 our

1681 1119 178 54 landing.
1916 1126 56 35 As
1996 1122 80 43 this
2267 1123 64 41 of
2346 1124 174 40 warfare
2541 1126 31 37 is
2598 1139 90 24 now
2717 1123 40 38 in
2776 1121 231 51 contempla-

1680 1180 102 48 tion,
1802 1182 31 40 it
1866 1183 32 39 is
1933 1183 51 39 of
2013 1185 71 39 the
2106 1186 53 51 hi,
2159 1186 18 51 -
2177 1186 89 51 :iest
2294 1186 256 52 importance
2585 1199 59 25 we
2678 1183 143 40 should
2852 1183 124 38 make
3007 1196 26 26 a

1677 1243 214 43 dilference
1910 1247 181 39 between
2113 1246 69 43 the
2203 1248 149 39 l'renl,h
2374 1248 79 39 and
2487 1250 70 38 the
2576 1248 159 39 nations
2767 1248 99 40 they
2889 1246 118 48 subju-

1676 1307 138 48 gated,
1851 1307 78 39 and
1964 1315 41 33 to
2024 1309 159 51 subject
2307 1310 155 39 fo'iner
2486 1309 249 52 exclusively
2771 1315 44 33 to
2845 1310 51 37 its
2913 1320 90 39 pres-

1676 1381 107 26 sure.
1840 1371 96 38 This
1956 1371 76 38 will
2055 1372 50 38 be
2135 1371 188 40 attended
2360 1372 96 39 with
2478 1372 155 39 several
2655 1372 267 50 advantages,
2953 1381 50 26 ex-

1675 1430 150 40 clusive
1841 1433 50 38 of
1905 1433 69 38 the
1985 1435 150 48 justice
2156 1434 46 39 of
2219 1435 70 38 the
2311 1448 200 26 mea.:are.
2567 1435 87 38 The
2675 1446 142 31 enemy
2842 1434 39 37 in
2904 1431 123 39 ordf.r

1678 1496 40 33 to
1739 1499 159 46 protect
1913 1496 105 38 their
2037 1509 93 26 own
2148 1498 157 45 coasts,'
2314 1496 79 39 will
2415 1498 47 38 be
2481 1496 165 52 obliged
2663 1502 43 33 to
2730 1495 204 39 withdraw
2955 1491 73 40 rile

1675 1560 162 45 greater
1872 1561 94 47 part
1998 1557 48 39 of
2079 1558 105 38 their
2211 1564 143 47 troops
2517 1559 103 39 Italy
2644 1557 76 40 and
2738 1560 70 37 the
2829 1556 130 40 North
2982 1548 57 46 of

1678 1617 203 53 Germany
1902 1637 8 27 ;
1941 1620 78 39 and
2039 1633 25 26 a
2082 1620 129 39 chance
2211 1620 22 39 ,
2264 1620 79 39 will
2365 1620 48 39 be
2443 1624 92 35 Las
2556 1623 122 44 given
2701 1626 41 33 to
2776 1623 69 37 the
2865 1620 158 37 natives

1678 1683 176 35 toassert
1874 1681 104 40 their
2011 1682 309 54 independence.
2382 1681 97 56 Th...
2498 1681 20 56 1
2537 1681 19 56 r
2567 1681 39 40 ill
2628 1683 47 39 be
2700 1681 59 52 obli
2759 1681 14 52 c
2773 1681 92 52 .,;eil
2896 1685 43 38 a
2953 1681 76 38 the.

1676 1755 110 28 same
1804 1746 102 40 time
1941 1754 44 33 to
2020 1748 77 41 call
2130 1755 76 34 out
2233 1762 52 26 on
2319 1755 241 46 permanent
2593 1749 99 52 duty
2721 1749 69 37 the
2830 1744 194 48 National

1678 1807 170 48 Guards,
1878 1809 91 39 who
1989 1811 190 52 together
2200 1811 92 39 with
2310 1808 70 47 the
2399 1813 198 51 regulars,
2628 1809 174 40 ordered
2820 1809 106 39 from
2944 1809 72 38 the

1675 1871 228 51 conquered
1923 1874 226 50 provinces,
2178 1871 79 40 will
2277 1874 188 37 occasion
2487 1886 24 25 a
2545 1878 87 33 vast
2650 1873 302 39 accumulation
2976 1869 53 40 of

1676 1944 172 40 expense
1870 1938 43 35 to
1943 1935 67 43 the
2031 1935 152 40 French
2207 1936 293 39 Government.
2559 1936 87 37 The
2665 1935 206 45 exct!ssive
2889 1933 135 39 duties

1675 1993 154 41 ofsuch
1845 2008 24 26 a
1887 1997 170 47 service,
2087 1997 71 39 the
2173 1998 300 39 contributions
2492 1998 109 38 raise
2601 1998 22 37 :1
2644 2010 50 25 on
2715 2001 65 35 the
2794 2002 131 33 towns
2941 1995 84 39 and

1675 2069 105 38 open
1804 2063 189 47 country,
2021 2059 73 39 the
2114 2057 117 40 losses
2263 2061 203 39 sustained
2503 2061 51 52 by
2577 2060 69 37 the
2678 2063 234 47 peasantry,
2940 2057 83 39 will

1672 2119 189 39 occasion
1897 2120 96 39 such
2026 2120 103 43 loud
2161 2122 244 46 discontent,
2447 2122 93 39 that
2577 2122 71 38 the
2685 2126 138 48 tyrant
2856 2119 80 41 will
2970 2121 52 37 be

1672 2181 139 39 forced
1843 2187 44 34 to
1922 2181 144 41 detach
2101 2198 27 26 a
2172 2189 90 47 part
2298 2184 52 44 of
2381 2190 72 34 the
2502 2185 116 39 farce
2662 2183 53 39 he
2747 2183 74 39 has
2854 2194 91 27 now
2980 2181 41 38 in

1672 2244 119 52 Spain
1830 2244 39 39 in
1907 2246 118 39 order
2069 2251 46 34 to
2148 2246 124 40 check
2307 2248 71 39 the
2424 2259 209 27 murmurs
2662 2245 47 39 of
2735 2246 72 39 the
2848 2244 176 46 French,

1671 2307 79 39 and
1779 2311 45 35 to
1860 2308 145 40 defend
2033 2308 109 40 their
2170 2309 156 40 Shores.
2401 2310 97 40 This
2531 2314 152 48 system
2718 2309 48 38 of
2783 2308 239 40 retaliation

1670 2369 144 39 should
1835 2370 48 39 be
1903 2369 279 54 immediately
2198 2372 156 39 carried
2375 2370 89 40 into
2481 2372 240 45 execution,
2757 2370 81 39 and
2869 2370 151 39 extend

1670 2435 106 39 from
1798 2437 193 39 Dunkirk
2008 2443 45 33 to
2074 2438 120 44 Nice;
2228 2434 77 43 and
2328 2451 52 25 no
2401 2435 162 43 further
2584 2437 132 40 either
2732 2443 44 33 to
2794 2435 72 39 the
2885 2434 135 40 North

1669 2515 48 26 or
1736 2502 143 39 South.
1938 2505 37 37 It
2002 2502 148 41 should
2177 2504 51 39 be
2255 2504 157 39 carried
2441 2517 53 26 on
2529 2503 97 40 with
2647 2507 187 35 extreme
2854 2506 169 47 vigour,

1668 2567 78 40 and
1783 2568 97 39 with
1917 2581 43 26 as
1995 2569 123 39 much
2156 2569 257 41 indifference
2451 2569 67 41 for
2552 2569 70 40 the
2657 2568 170 53 feelings
2858 2567 48 40 of
2947 2567 73 41 the

1668 2646 162 40 enemy,
1858 2647 44 27 as
1920 2634 91 52 they
2036 2635 106 40 have
2163 2635 221 54 uniformly
2406 2636 241 39 manifested
2669 2634 177 41 towards
2865 2633 157 46 others,.

1670 2699 113 53 They
1804 2700 144 41 should
1968 2702 48 39 be
2035 2704 164 51 taught,
2228 2702 53 53 by
2300 2704 256 52 experience,
2583 2707 43 33 to
2646 2700 78 41 feel
2743 2701 71 40 the
2832 2700 190 40 disasters

1669 2767 50 39 of
1733 2767 71 39 the
1824 2769 239 52 Spaniards;
2098 2769 79 38 and
2205 2769 106 39 after
2337 2769 155 52 having
2517 2769 206 39 sustained
2752 2780 45 26 as
2825 2780 24 25 a
2881 2779 118 28 conse-

1667 2846 156 39 quence
1841 2833 50 40 of
1904 2835 227 52 legitimate
2166 2833 230 40 retaliation
2430 2848 26 25 a
2484 2839 97 46 part
2614 2833 51 39 of
2691 2833 70 39 the
2792 2832 235 43 calamities.

1671 2901 93 52 they
1786 2900 105 40 have
1907 2915 46 25 so
1971 2900 204 52 wantonly
2197 2901 181 52 brought
2392 2914 54 25 on
2465 2901 123 39 other
2607 2901 176 45 nations,
2804 2900 100 52 they
2926 2911 97 40 may

1667 2976 117 39 grow
1802 2978 112 26 more
1935 2978 156 32 averse,
2121 2965 65 38 for
2205 2965 69 38 the
2293 2965 157 45 future,
2484 2969 45 33 to
2565 2963 145 40 second
2740 2963 71 39 the
2841 2963 159 38 destruc-

1670 3026 83 39 tive
1791 3030 180 50 projects
2004 3026 50 40 of
2085 3026 110 39 their
2228 3038 148 41 savage
2409 3026 215 39 chieftain.
2683 3027 72 38 Let
2791 3024 115 40 them
2934 3024 99 39 feel•

1669 3089 146 52 keenly
1835 3089 72 39 the
1925 3089 282 39 chastisement
2225 3105 11 28 ;
2269 3089 64 38 for
2366 3102 25 26 a
2425 3089 145 53 people
2597 3089 104 39 dead
2725 3092 46 34 to
2803 3086 56 39 all
2888 3085 135 41 moral

1669 3164 126 34 sense,
1830 3152 80 40 and
1943 3151 145 54 totally
2128 3150 152 40 callous
2311 3156 47 35 to
2391 3165 122 39 every
2548 3151 120 53 thing
2699 3150 92 39 that
2822 3149 98 39 does
2947 3154 76 34 not

1670 3223 120 39 affect
1821 3223 241 40 themselves
2093 3221 281 56 individually,
2409 3228 109 34 must
2538 3226 129 35 smart
2686 3220 181 54 severely
2890 3219 129 40 under

1670 3294 70 40 the
1770 3294 103 48 lash,
1907 3295 143 40 before
2081 3294 98 53 they
2216 3307 70 28 are
2316 3295 146 40 roused
2494 3294 112 41 from
2644 3293 105 43 their
2785 3293 141 54 torpid
2960 3293 40 38 in-

1669 3365 230 43 difference.

1724 3528 229 52 According
1991 3534 44 34 to
2068 3528 73 41 the
2177 3529 117 40 latest
2331 3531 196 37 accounts
2554 3526 111 41 from
2702 3526 206 45 America,
2950 3524 72 40 the

1674 3582 207 51 Embargo
1915 3585 78 38 Act
2028 3588 76 34 not
2132 3582 94 53 only
2255 3583 214 39 continues
2506 3581 40 39 in
2582 3581 128 46 force,
2739 3581 76 38 but
2843 3580 115 38 there
2991 3579 32 38 is

1669 3646 122 40 every
1828 3635 246 53 probability
2130 3635 91 40 that
2250 3650 25 25 a
2313 3638 372 38 Non-Intercourse
2722 3633 73 40 Bill
2841 3632 80 40 will
2966 3633 53 39 be

1672 3687 137 52 passed
1830 3689 159 52 against
2017 3691 131 37 Great
2174 3689 156 40 Britain
2352 3689 78 39 and
2450 3689 170 39 France.
2678 3686 96 41 This
2802 3686 79 40 I:,st
2910 3699 84 27 mea-

1670 3754 107 32 sure,
1807 3741 33 39 it
1860 3743 31 37 is
1909 3746 72 33 not
2000 3742 213 52 expected,
2242 3741 78 40 will
2340 3741 99 39 take
2469 3741 116 53 place
2622 3741 125 40 under
2786 3739 70 40 the
2893 3741 105 52 presi-

1670 3793 126 54 dency
1813 3794 50 40 of
1887 3798 242 37 JEFFERSON
2150 3811 12 30 ;
2192 3795 73 40 but
2297 3807 44 27 as
2359 3807 99 26 soon
2480 3796 43 37 as
2543 3796 70 35 MA
2624 3806 159 27 DDESON
2823 3793 194 39 succeeds

1671 3846 84 40 him
1776 3849 39 35 in
1837 3848 135 47 office,
1998 3848 118 39 there
2135 3848 32 40 is
2183 3862 52 25 no
2251 3847 130 41 doubt
2401 3846 256 41 entertained
2678 3847 72 40 but
2773 3844 31 39 it
2825 3846 31 38 is
2877 3859 78 26 one
2974 3844 51 40 of

1671 3900 67 39 the
1760 3900 89 40 first
1878 3901 51 39 he
1950 3901 157 40 intends
2126 3904 236 52 proposing.
2421 3904 103 37 How
2544 3900 81 40 this
2644 3913 84 26 new
2756 3908 189 31 measure
2975 3898 50 39 of

1671 3954 158 51 rigour,
1859 3956 39 38 in
1933 3954 184 40 addition
2156 3960 44 34 to
2235 3956 71 39 the
2343 3954 242 53 grievances
2615 3953 50 38 of
2688 3954 67 39 the
2789 3953 227 52 Embargo,

1672 4006 77 40 will
1769 4007 132 52 please
1919 4007 67 39 the
2006 4007 250 46 Americans,
2287 4009 32 38 it
2348 4010 32 37 is
2405 4012 74 34 not
2498 4006 174 40 difficult
2693 4011 41 34 to
2753 4009 261 48 conjecture;

1672 4061 72 39 but
1766 4067 44 34 to
1834 4062 132 51 judge
1984 4061 109 40 from
2112 4061 70 41 the
2202 4062 161 53 private
2383 4061 78 39 and
2481 4059 138 53 public
2649 4059 369 40 communications

1672 4114 183 40 received
1890 4114 106 39 from
2030 4115 93 40 that
2156 4121 189 47 country,
2374 4127 59 27 we
2463 4126 71 26 are
2565 4113 180 52 strongly
2778 4110 175 43 inclined
2974 4116 46 35 to

1675 4166 155 40 believe
1847 4167 90 39 that
1958 4169 67 38 the
2041 4166 184 43 violence
2248 4168 51 39 of
2323 4168 67 39 the
2409 4165 321 41 Antifederalisis
2751 4166 31 39 is
2802 4166 220 53 preparing

1672 4233 112 26 some
1804 4220 183 40 dreadful
2003 4221 213 53 explosion
2230 4221 39 39 in
2281 4221 72 40 the
2370 4220 144 40 United
2529 4222 145 37 States.
2708 4219 1 56 •
2730 4222 33 37 A
2777 4219 243 39 dissolution

1674 4274 50 39 of
1744 4272 70 43 the
1834 4279 159 48 present
2014 4276 135 40 Union
2181 4276 32 40 is
2248 4287 117 28 more
2393 4273 100 41 than
2528 4271 215 57 probable,
2771 4272 148 43 should
2947 4272 72 40 the

2745 4367 6 6 .
2811 4359 9 12 .

2865 4339 17 35 1
2901 4339 112 35 CT:S)

3283 0 235 2016 I

3322 3266 4 30 ~
3348 3266 4 30 ~
3365 3269 8 26 4

3322 3393 30 40 W

3330 3547 47 33 If

3403 4331 2 4 •
